2679 3396
1304 261 1372 307 1⁷

1274 323 1396 333 ,---

190 417 342 450 omnes
371 401 548 446 ventosi
586 399 826 444 murmuris
867 412 1000 441 aurae
1041 396 1311 441 ceciderunt.
1372 396 1513 451 Loci,
1555 393 1717 455 quibus
1758 402 1942 438 naturae
1984 397 2275 441 amoenitates
2307 399 2486 458 egregie

188 485 524 543 describuntur,
564 483 731 529 actioni
771 482 929 528 intexti
968 489 1094 539 sunt,
1133 481 1332 527 breviter
1372 487 1417 525 et
1455 478 1512 524 ad
1542 478 1917 540 progrediendum
1950 481 2296 527 accommodate.
2363 481 2485 539 Tibi,

186 574 235 615 in
274 579 395 616 tuam
435 569 648 630 gratiam,
686 574 738 612 ut
776 566 969 611 libenter
1010 574 1056 611 et
1092 566 1187 610 sine
1228 564 1433 610 molestia
1475 578 1622 610 canas.
1683 562 1890 610 Stratum
1926 564 2057 615 simul
2086 565 2283 625 priorem
2314 573 2485 612 aestum

188 656 387 717 depingit
396 685 412 710 ‚
443 659 493 698 ut
524 653 640 714 apud
669 652 963 698 Theocritum
994 651 1116 709 VII,
1148 650 1245 695 57:
2314 645 2322 653 ’

670 742 892 792 Χάλκυόνες
917 747 1185 799 στορεσεῦνται
1207 746 1258 786 τὰ
1280 740 1436 795 κύματα
1459 739 1530 784 τάν
1554 755 1598 784 τε
1621 739 1831 785 θάλασσαν

675 818 752 864 Τόν
777 836 820 863 τε
845 818 975 871 νότον,
999 818 1067 862 τόν
1092 815 1256 873 τέὖρον,
1277 815 1325 867 ὃς
1347 818 1499 871 ἔσχατα
1524 815 1646 873 φύκια
1671 821 1779 861 κινεῖ.

193 912 391 968 Cadere,
438 911 493 956 de
523 916 686 968 vento,
732 911 961 970 quiescere
1003 909 1088 956 Ge.
1128 910 1179 968 1,
1223 907 1339 955 554.
1405 906 1642 953 Ventosum
1688 923 1917 964 murmur,
1965 908 2202 956 vehemens
2249 912 2487 971 strepitus,

190 1006 390 1056 strepens
428 1002 601 1041 ventuS.
663 993 805 1055 Cujus
847 993 1026 1056 quidem
1065 1009 1205 1039 aurae
1252 994 1346 1038 sive
1391 994 1521 1037 ssatus
1552 1007 1716 1050 ,omnes
1756 1009 1874 1039 nunc
1915 993 2194 1040 ceciderunt:
2242 996 2306 1040 sic
2349 1013 2488 1042 aurae

190 1081 388 1142 Zephyri
417 1080 502 1125 Ge.
533 1081 611 1138 11,
641 1078 767 1139 5503
800 1080 864 1124 sic
893 1081 1106 1140 qramt‘nie
1136 1080 1275 1124 herba
1303 1077 1404 1123 Ecl.
1434 1077 1507 1135 V,
1537 1076 1620 1122 26.

308 1165 369 1211 V.
401 1163 469 1211 50
500 1189 556 1199 —
589 1163 670 1211 64.
730 1163 884 1209 Media
914 1164 987 1209 via
1018 1165 1150 1209 etiam
1181 1163 1298 1223 apud
1320 1161 1613 1208 Theocritum
1644 1161 1768 1220 VII,
1802 1161 1869 1209 10
1898 1163 2101 1223 sepulcro
2135 1164 2411 1225 designatur:

675 1255 828 1299 Κοῧπω
853 1254 925 1313 τὰν
950 1253 1126 1308 μεσάταν
1149 1253 1242 1298 ἴδον
1267 1253 1430 1308 ἃνομες,
1456 1254 1547 1298 οὐδὲ
1570 1253 1617 1297 τὸ
1640 1258 1750 1307 σᾶμα

673 1331 784 1383 Ἀμῖν
807 1335 864 1373 τῶ
886 1332 1067 1385 Βρασίλα
1091 1331 1357 1385 κατεφαίνετο.

310 1420 426 1465 Nam
466 1422 632 1466 mortui
670 1421 765 1465 fere
805 1422 918 1465 locis
959 1420 1267 1481 frequentibus
1300 1420 1521 1480 longeque
1563 1420 1817 1478 conspicuis
1858 1419 2186 1479 sepeliebantur
2216 1422 2287 1480 V,
2317 1422 2409 1480 40,
2440 1432 2490 1467 ut

192 1514 373 1550 auctore
393 1507 603 1549 Varrone
623 1513 956 1564 praetereuntes
980 1513 1239 1562 monerent,
1271 1511 1317 1549 et
1348 1520 1395 1547 se
1427 1504 1591 1561 fuisse,
1622 1511 1667 1547 et
1691 1504 1794 1548 illos
1818 1512 2008 1549 mortem
2034 1521 2227 1551 manere.
2276 1507 2491 1551 Bianoris

193 1591 458 1650 cognomine
497 1607 551 1635 ex
583 1590 745 1634 Servio
778 1590 924 1633 dictus
956 1597 1024 1633 est
1047 1588 1194 1633 Ocnus
1221 1590 1314 1633 sive
1339 1588 1554 1643 Aucnus,
1585 1589 1790 1647 princeps
1808 1589 2010 1646 Tuscus,
2039 1590 2223 1634 Tiberis
2245 1599 2290 1635 et
2307 1591 2491 1638 Mantus

191 1675 397 1721 fatidicae
428 1674 573 1732 filius,
614 1675 693 1734 qui
722 1674 952 1719 Mantuam
984 1674 1185 1720 condidit
1215 1674 1287 1719 vel
1317 1674 1506 1718 munivit
1534 1674 1653 1718 Aen.
1690 1673 1752 1731 X,
1784 1673 1909 1732 1983
1950 1690 2063 1735 vaga
2106 1677 2281 1735 quidem
2312 1677 2492 1736 fabula,

191 1766 241 1805 ut
281 1746 434 1805 omnes
473 1759 520 1803 id
560 1775 726 1819 genus,
771 1774 904 1819 quam
944 1766 1093 1804 tamen
1135 1775 1234 1803 cum
1276 1759 1437 1803 Servio
1480 1758 1612 1802 etiam
1654 1756 1771 1805 Cato
1815 1759 1862 1803 in
1903 1758 2153 1819 originibus
2194 1768 2370 1805 secutus
2407 1771 2489 1808 est.

191 1843 422 1888 Mantuam
454 1844 595 1902 enim,
627 1842 744 1903 apud
764 1842 959 1889 Cerdam
981 1843 1069 1901 ait,
1101 1843 1335 1888 conditore
1353 1841 1484 1887 Ocno
1507 1842 1736 1899 Bianoro‚
1766 1842 2019 1887 Tuscorum
2047 1845 2259 1903 principe,
2290 1844 2489 1891 nobilem

193 1944 304 1972 esse.
364 1926 618 1987 Strinqere,
651 1927 953 1987 destringere,
985 1943 1166 1987 carpere
1182 1959 1196 1985 ,
1227 1927 1429 1972 tondere.
1479 1926 1649 1971 Ultima
1680 1927 2008 1987 significatione
2039 1927 2214 1973 Nonius
2242 1929 2488 1976 Marcellus

192 2005 378 2057 verbum
418 2012 579 2071 accipit
619 2019 664 2057 et
703 2012 802 2069 hic,
844 2018 889 2055 et
929 2011 1014 2056 Ge.
1055 2013 1132 2068 11,
1169 2011 1297 2069 568,
1336 2009 1615 2069 ναι-εἴπατε,
1646 2013 1878 2056 excindere
1909 2012 2258 2070 interpretando.
2321 2014 2485 2059 Sermo

193 2103 261 2141 est
290 2095 346 2142 de
382 2096 666 2154 frondatione
705 2097 1016 2152 arbustorum,
1058 2095 1219 2156 quibus
1260 2096 1457 2156 agricola
1488 2112 1514 2140 a
1545 2096 1617 2141 die
1648 2096 1875 2141 solstitiali
1904 2113 2043 2156 usque
2076 2098 2122 2141 in
2152 2113 2348 2141 mensem
2382 2099 2488 2144 Sex-

192 2180 315 2225 tilem
359 2196 488 2225 mane
534 2188 634 2239 aut,
678 2188 729 2225 ut
772 2180 871 2238 hic,
917 2179 1000 2225 sub
1040 2195 1275 2239 vesperum
1312 2180 1498 2225 frondes
1539 2181 1781 2225 officientes
1821 2181 2059 2237 tondebat,
2099 2189 2143 2226 et
2182 2181 2240 2225 ad
2280 2182 2491 2240 pabulum

195 2263 397 2312 sumebat
425 2264 477 2324 I,
508 2263 589 2310 57.
648 2264 854 2324 Pabulo,
883 2264 1061 2311 Plinius
1092 2265 1155 2310 ait
1183 2263 1379 2323 XVIII,
1419 2263 1514 2321 68,
1553 2264 1663 2309 ulmi
1691 2265 1801 2310 folia
1833 2265 2030 2326 stringis,
2091 2265 2343 2311 Columella
2373 2267 2494 2312 fron-

196 2348 276 2394 des
319 2364 465 2411 neque
503 2349 742 2408 luxuriari,
782 2364 926 2411 neque
967 2349 1152 2394 nimium
1183 2349 1403 2409 amputari
1431 2348 1541 2394 vult.
1600 2348 1754 2394 Etiam
1787 2348 2055 2410 Calpurnius
2087 2349 2160 2408 V,
2191 2349 2258 2396 99
2288 2367 2368 2410 per
2400 2353 2490 2397 vin-

199 2433 386 2478 demiam
410 2433 539 2493 jubet
569 2433 627 2481 ad
657 2435 880 2481 recentius
909 2433 1120 2495 pabulum
1150 2433 1385 2479 hibernum
1417 2432 1676 2479 arboribus:

682 2542 739 2553 —-
773 2543 830 2552 -
864 2542 920 2553 -
952 2526 1131 2564 teneras
1162 2520 1414 2564 summatim
1445 2520 1666 2580 stringere
1696 2520 1859 2580 virgas.

200 2602 375 2648 Demae
412 2603 622 2662 frondes,
663 2604 827 2665 quibus
864 2605 979 2649 vites
1009 2604 1058 2649 in
1086 2603 1289 2664 palmites
1320 2610 1626 2650 excrescentes
1655 2602 1913 2649 liberandae
1944 2612 2072 2663 sunt,
2102 2604 2330 2665 vulgarem
2362 2607 2494 2654 istam

198 2685 528 2733 fraudationem
549 2689 669 2734 circa
696 2689 880 2735 Sextilis
899 2689 1075 2736 initium
1095 2695 1328 2735 testantur.
1375 2688 1492 2745 1150,
1524 2687 1608 2733 sub
1638 2688 1811 2733 umbris
1842 2688 2004 2735 horum
2036 2689 2320 2736 arbustorum
2353 2693 2496 2738 inton-

202 2784 352 2815 sorum
405 2772 693 2820 fecunditatis
747 2782 793 2819 et
858 2791 1041 2836 operum
1096 2775 1337 2834 agrestium
1394 2773 1607 2834 adspectu
1663 2776 1888 2832 recreati,
1945 2775 2018 2820 bic
2073 2777 2404 2836 requiescamus
2450 2785 2497 2824 et

202 2857 420 2901 canamus'
439 2859 469 2904 i.
500 2875 539 2904 e.
569 2860 799 2919 requiesce
831 2868 876 2905 et
906 2877 1027 2906 cane.
1088 2861 1318 2904 Mantuam
1348 2866 1497 2904 tamen
1528 2861 1636 2904 satis
1666 2867 1836 2905 mature
1868 2862 2203 2919 perveniemus,
2244 2869 2293 2907 ut
2323 2880 2496 2923 crepus-

203 2939 303 2984 culo
335 2940 514 2987 domum
546 2951 840 2989 nevertamur.
900 2947 996 2990 Aut
1027 2947 1065 2989 si
1105 2962 1160 2990 ne
1191 2943 1338 2990 subita
1378 2945 1679 3006 tranquillitas
1708 2945 1911 3005 pluviam
1943 2945 2077 2991 nohis
2107 2954 2370 2995 nocturnam
2399 2964 2498 3009 por-

202 3023 356 3069 tendat
399 3028 659 3088 metuimus,
705 3029 812 3075 cede
858 3030 968 3077 mihi
1013 3030 1180 3076 haedos
1225 3030 1493 3091 gestandus,
1546 3038 1597 3077 ut
1647 3030 1904 3078 sublevatus
1954 3031 2072 3078 inter
2112 3031 2306 3079 eundum
2351 3048 2498 3080 cana&

2220 3119 2256 3165 3
