2679 3396
1334 198 1367 242 8

190 329 308 372 idem
356 335 448 383 est,
490 334 626 388 atquc
668 331 836 373 amicus
877 327 1158 372 Horatianus
1190 327 1279 372 od.
1311 329 1362 383 I,
1393 327 1473 372 18.
1534 326 1622 384 Ep.
1654 325 1725 383 V,
1767 335 1812 371 et
1842 326 2027 385 Virgilii
2069 330 2146 375 ille
2187 337 2443 387 enarrator,
2475 346 2503 375 a

191 398 473 469 Quintiliano
499 412 573 469 X,
603 412 663 469 5,
694 412 727 456 8
754 419 798 455 et
823 411 1112 471 Philargyrio
1139 411 1239 456 Ecl.
1270 411 1349 468 11,
1382 409 1448 455 70
1478 409 1709 467 laudatus,
1734 410 1829 470 jam
1853 410 2156 470 familiaritas,
2189 429 2321 473 quam
2345 420 2503 473 postea

192 513 292 540 cum
334 498 503 556 ingenii
545 497 844 540 monumentis
887 498 1135 552 contraxit,
1176 496 1498 540 humanitatem
1531 495 1626 554 ejus
1658 503 1863 544 testatur.
1925 496 2155 551 Quantum
2186 499 2350 556 potuit,
2379 498 2503 555 fecit,

191 588 242 625 ut
283 587 461 639 poetam
494 597 520 624 a
551 588 865 626 veteranorum
907 581 1075 625 ferocia
1117 580 1377 626 defenderet
1387 598 1401 639 3
1445 579 1524 624 sed
1567 595 1703 639 quum
1749 579 1897 622 minus
1943 579 2115 624 valeret
2161 580 2281 640 ipse,
2328 582 2504 626 acriora

192 664 404 711 Caesaris
437 663 582 709 edicta
614 664 811 722 optavit,
854 679 965 724 quae
997 670 1048 708 ιιι
1081 665 1376 723 exprimeret,
1417 668 1577 723 poetae
1610 662 1698 721 ipsi
1730 662 1922 707 suasisse
1953 662 2159 720 videtur,
2199 670 2250 708 ut
2279 663 2422 724 palam
2454 680 2502 708 se

194 748 250 794 ad
280 748 416 793 fldem
443 765 468 792 a
500 748 697 794 Caesare
731 748 877 793 datam
909 747 1170 793 solvendam
1204 749 1533 794 adhortaretur.
1596 747 1817 808 Virgilius
1860 748 2041 792 hercule
2084 763 2264 793 carmen
2311 750 2359 792 in
2392 748 2505 790 Vari

189 831 366 875 laudem
398 848 454 876 ne
485 831 775 877 inchoaverat
801 831 1008 891 quidem,
1041 832 1203 876 nedum
1229 834 1272 876 ei
1302 834 1404 891 ipsi,
1435 839 1485 876 ut
1511 832 1698 876 Servius
1730 833 1878 875 animo
1905 832 2061 890 fingit,
2087 832 2243 875 rudem
2274 833 2504 876 adumbra-

191 915 362 959 tionem
381 916 663 959 familiariter
681 916 964 960 recitaverat.
996 916 1088 971 Qui
1110 918 1226 959 enim
1245 916 1421 960 Moeris
1441 917 1528 960 hoc
1548 918 1691 973 ipsum
1712 917 2007 974 fragmentum
2028 916 2250 974 elegisset,
2272 918 2393 975 quod
2414 933 2507 961 non

192 999 416 1055 promittit
438 1000 525 1043 nisi
547 998 723 1042 laudem
748 999 944 1043 futuram
968 1006 1013 1044 et
1039 1000 1288 1044 incertam?
1321 999 1497 1043 Ornatu
1521 1000 1703 1057 poetivo
1731 999 1950 1055 detracto,
1981 999 2054 1042 hic
2080 1006 2149 1043 est
2171 1014 2349 1042 sensus:
2382 1001 2421 1043 si
2441 1006 2507 1056 tu,

194 1083 336 1139 Vare,
366 1082 596 1126 Mantuam
618 1083 753 1126 nobis
775 1085 1130 1140 conservaveris,
1163 1100 1274 1143 quae
1306 1085 1413 1127 licet
1439 1085 1595 1126 insons
1628 1083 1687 1126 ob
1716 1083 1968 1128 Cremonae
2000 1083 2272 1127 vicinitatem
2303 1089 2505 1139 vexatur,

193 1174 318 1211 tuum
340 1182 505 1210 nomen
530 1167 804 1211 carminibus
830 1170 998 1212 nostris
1025 1167 1337 1212 celebrabitur.
1384 1167 1715 1224 Verecundior,
1748 1184 1880 1227 quam
1907 1174 1957 1211 ut
1985 1167 2077 1212 suis
2105 1166 2310 1212 cantibus
2337 1167 2508 1226 aliquid

194 1251 386 1308 tribuat,
419 1250 643 1310 Virgilius
671 1252 798 1296 Varo
837 1254 1146 1297 conservatori
1178 1268 1319 1313 eaque
1352 1268 1402 1296 re
1436 1251 1623 1297 Caesari
1653 1251 1932 1309 Octaviano,
1963 1252 2089 1312 cujus
2119 1268 2192 1296 res
2224 1252 2299 1295 ille
2331 1259 2506 1308 tuetur,

193 1336 484 1393 praeconium
542 1343 776 1394 poetarum
823 1336 1199 1394 Mantuanorum,
1255 1338 1303 1379 in
1351 1337 1514 1394 quibus
1560 1338 1756 1395 Lycidas
1815 1353 1861 1379 se
1910 1345 2113 1379 numerat
2157 1353 2199 1379 v.
2242 1338 2335 1392 52,
2383 1338 2507 1394 polli-

197 1426 335 1462 cetur.
405 1418 553 1475 Varo,
597 1420 643 1462 in
685 1421 779 1478 ejus
820 1420 1009 1463 laudem.
1071 1422 1305 1474 Necdum,
1349 1422 1530 1479 antique
1571 1437 1654 1478 pro
1699 1424 1893 1463 nondum
1927 1438 1968 1463 v.
2000 1421 2046 1463 6.
2109 1420 2353 1474 lVondum,
2386 1421 2508 1478 quod

194 1510 351 1561 postea
383 1505 430 1545 in
462 1519 590 1546 usum
622 1505 770 1561 venit,
811 1505 951 1547 Hafn.
983 1504 1038 1547 C.
1071 1505 1131 1547 D.
1164 1512 1332 1548 tenent.
1396 1504 1616 1547 Cremona
1659 1506 1716 1547 ad
1746 1506 1923 1548 Padum
1966 1506 2075 1560 sita,
2117 1505 2295 1548 urbium
2326 1506 2410 1548 fuit
2442 1506 2509 1548 rei

193 1586 395 1645 publicae
428 1588 695 1643 amantium,
728 1603 838 1646 quas
874 1588 1046 1631 Caesar
1079 1588 1357 1632 Octavianus
1388 1605 1442 1631 cx
1472 1589 1834 1632 Triumvirorum
1866 1590 2089 1646 promisso
2121 1587 2382 1632 victricibus
2414 1605 2507 1645 par-

193 1672 303 1714 tium
343 1686 524 1714 suarum
555 1670 810 1729 legionibus
844 1674 1080 1717 concessit.
1142 1674 1293 1728 Quum
1325 1688 1434 1717 vero
1468 1673 1595 1716 miles
1627 1674 1757 1716 ferox
1788 1673 1900 1715 fines
1932 1672 2099 1731 ubique
2131 1673 2370 1731 migraret,
2402 1672 2508 1715 mul-

195 1763 332 1813 toque
364 1756 490 1812 plura
527 1756 760 1812 promissis
802 1764 847 1800 et
879 1759 1046 1814 optima
1083 1773 1285 1816 quaeque
1317 1764 1518 1815 raperet;
1553 1756 1740 1800 Mantua
1772 1757 1894 1814 ipsa,
1941 1756 2143 1815 quamvis
2175 1773 2274 1800 cum
2307 1756 2506 1801 Caesari-

195 1840 294 1882 anis
333 1840 544 1895 sentiret,
565 1855 719 1898 ·agros
752 1857 859 1885 suos
890 1842 1051 1886 amisit.
1113 1843 1227 1886 Veri
1259 1849 1327 1886 est
1359 1840 1529 1896 simile,
1562 1857 1654 1884 non
1686 1841 1830 1885 solum
1862 1839 2061 1897 Varum,
2097 1840 2175 1884 sed
2206 1840 2339 1884 etiam
2371 1840 2507 1883 Polli-

196 1940 351 1981 onem,
383 1923 567 1968 foedere
602 1924 893 1971 Brundusino
927 1927 1010 1970 sub
1043 1928 1148 1970 anni
1181 1927 1314 1971 finem
1341 1927 1517 1986 juncto,
1552 1922 1732 1985 operam
1765 1924 1959 1983 dedisse,
1990 1932 2056 1982 ut,
2088 1924 2210 1985 quod
2243 1924 2428 1970 Servius
2460 1927 2508 1969 in

197 2010 504 2053 commentarii
529 2010 732 2067 proemio
765 2011 898 2069 dicit,
929 2019 1088 2070 poetae
1114 2014 1289 2070 integer
1314 2012 1504 2069 fundus,
1534 2011 1793 2054 Mantuanis
1818 2027 1923 2069 pars
1947 2026 2157 2069 agrorum
2182 2012 2506 2066 restitueretur.

194 2094 370 2139 DIE-sera
405 2094 625 2140 Cremona
645 2126 662 2149 ,
704 2097 846 2154 magis
876 2097 1163 2141 miseratione
1197 2097 1357 2156 digna,
1399 2112 1531 2154 quam
1563 2097 1862 2140 accusatione.
1922 2095 2202 2140 Generosior
2231 2095 2317 2138 fuit
2346 2102 2506 2153 poeta,

196 2196 331 2238 quam
378 2182 455 2239 qui
499 2181 634 2225 victis
686 2180 975 2224 criminandis
1021 2181 1210 2240 gratiam
1259 2187 1567 2238 aucuparetur.
1645 2180 2024 2239 Pervagatissima
2069 2187 2302 2237 poetarum
2357 2179 2504 2237 imago

196 2278 357 2322 cycnus
409 2265 516 2321 fuit,
568 2265 647 2324 qui
697 2272 933 2324 postquam
980 2264 1297 2309 Phocaeenses
1357 2271 1501 2308 terras
1554 2263 1610 2307 ad
1667 2280 1873 2308 occasum
1925 2270 2160 2323 vergentes
2216 2262 2504 2317 detexerunt,

196 2348 299 2391 inde
346 2363 402 2392 ex
447 2348 641 2393 Hesiodi
690 2355 860 2405 aetate,
917 2350 1011 2392 avis
1060 2349 1279 2392 cantatrix
1328 2348 1578 2392 habebatur
1629 2348 1835 2406 Apollini
1887 2364 2026 2392 sacra.
2104 2347 2191 2405 Ep.
2242 2345 2380 2404 myth.
2427 2346 2506 2402 II,

198 2430 259 2476 11
297 2455 353 2464 —
388 2431 455 2478 15
488 2429 583 2491 (49
617 2456 672 2465 —-
707 2431 817 2492 51).
880 2430 1076 2491 Campus
1108 2430 1407 2489 Mantuanus,
1439 2446 1570 2491 quem
1601 2431 1821 2490 Virgilius
1854 2432 1964 2476 dicit
1994 2431 2079 2475 Ge.
2110 2430 2187 2487 11,
2221 2429 2343 2475 199:

777 2518 1047 2561 Pascentem
1090 2518 1246 2561 niveos
1287 2515 1485 2560 herboso
1527 2516 1708 2558 flumine
1755 2531 1921 2574 cycnos

201 2603 257 2644 ad
296 2605 412 2648 hanc
453 2605 608 2648 tritam
652 2604 910 2663 allegoriam
952 2603 1202 2662 Virgilium
1245 2609 1403 2660 sponte
1436 2599 1642 2645 ducebat.
1704 2601 1802 2645 Pro
1841 2601 2019 2658 serent,
2064 2600 2185 2660 quod
2224 2607 2349 2646 certo
2392 2615 2504 2644 asse-

198 2695 351 2744 verat,
379 2688 533 2745 ferant
565 2687 703 2732 habet
734 2689 867 2732 etiam
897 2687 1039 2732 Hafn.
1072 2687 1127 2733 C.
1587 2666 1590 2669 Ι
1989 2736 1992 2740 A

319 2772 380 2814 V.
407 2772 474 2815 50
500 2797 556 2806 --·
580 2771 662 2817 56.
710 2773 804 2816 Per
831 2780 874 2817 te
908 2773 1082 2829 omnia,
1115 2788 1406 2833 quaeeunque
1439 2772 1663 2832 agricolae
1695 2779 1822 2831 grata
1854 2778 1972 2828 suut,
2003 2770 2170 2827 Moeri,
2203 2770 2424 2825 obtestor,
2454 2776 2503 2811 ut

197 2855 252 2907 de
282 2855 517 2901 Menalcae
559 2856 831 2901 carminibus
872 2857 998 2915 plura
1041 2861 1194 2901 canas!
1257 2857 1418 2914 Nosti,
1460 2872 1593 2917 quam
1626 2872 1776 2900 amans
1819 2856 1901 2899 sim
1943 2855 2054 2899 boni
2085 2861 2253 2900 cantus.
2314 2854 2379 2896 Ει
2408 2853 2502 2911 ipsc

198 2939 366 3000 aliquid
407 2955 506 2984 sum
547 2948 730 3000 poetae,
771 2957 1023 3001 quanquam
1065 2957 1171 3001 prae
1213 2943 1331 2986 veris
1372 2941 1461 2985 illis
1500 2941 1725 3001 magistris
1765 2939 1877 2985 nihil
1907 2939 2018 2984 mihi
2049 2955 2146 2984 esse
2187 2930 2371 2995 videor,
2412 2937 2500 2980 nisi
