2679 3396
1331 144 1363 186 7

197 279 415 324 aemulum
447 275 749 321 subsidentem
781 275 1027 336 Lycidam,
1066 277 1175 321 satis
1217 275 1410 334 habere,
1442 287 1620 322 carmen
1651 277 1770 322 inter
1802 275 1995 321 eundum
2026 276 2307 324 decantatum
2340 277 2400 323 ab
2441 291 2496 323 eo

196 363 450 420 excepisse,
481 360 852 422 quemadmodum
881 360 977 404 fere
1010 376 1241 404 currucam
1273 361 1395 404 illam
1427 360 1629 405 adultero
1661 361 1828 420 pileum
1860 362 2126 420 surripuisse
2158 369 2366 421 narrant3
2398 376 2497 423 age-

195 450 326 505 dum,
366 447 657 492 ridiculorum
687 444 871 502 arbitri,
910 452 1059 489 utrum
1090 446 1278 490 facetius
1309 461 1407 490 esse
1436 447 1636 504 putatis?
1690 446 1816 502 Quot
1856 447 2055 491 earmina
2094 446 2300 491 bucolica
2337 449 2495 492 tertiae

195 533 397 592 inprimis
428 539 474 576 et
503 530 717 588 septimae
748 530 1030 589 eclogarum,
1070 538 1183 590 quot
1212 531 1400 575 Horatii
1440 531 1718 590 aliorumque
1750 532 1947 574 carmina
1985 531 2232 588 imitantia,
2272 533 2495 576 crassiore

195 617 401 663 Minerva
441 614 501 658 ad
535 613 722 659 verbum
763 622 867 659 sunt
905 618 1131 660 enarrata!
1194 615 1384 676 Nuper,
1437 632 1573 675 quum
1615 614 1842 659 nulladum
1882 615 2010 659 fundi
2051 614 2294 675 Virgiliani
2334 616 2498 661 divisio
2548 670 2569 689 .

195 707 493 757 metueretur,
531 699 703 744 dierum
734 700 912 759 aliquo,
953 707 1003 744 ut
1031 699 1236 757 videtur,
1275 700 1516 757 festorum,
1558 700 1714 759 quales
1744 706 1982 744 auctumno
2024 701 2097 744 vel
2142 699 2288 746 hieme
2330 701 2498 760 geniali

196 787 282 833 Ge.
322 785 375 841 I,
420 783 547 842 501,
592 800 619 828 a
659 784 839 829 rusticis
885 785 1045 844 agitari
1091 785 1322 843 solebant,
1367 784 1424 828 ad
1471 801 1603 846 quem
1649 785 1889 829 familiares
1937 801 1993 830 ex
2040 786 2207 830 vicinia
2252 787 2497 831 carminum

197 869 411 928 studiosi,
441 876 492 915 ut
520 870 569 914 in
599 868 744 929 agello
776 868 1032 914 Horatiano
1065 868 1163 914 Sat.
1193 869 1271 927 11,
1301 868 1360 927 6,
1391 869 1486 927 65,
1516 878 1619 915 ante
1650 870 1818 914 Larem
1849 869 2142 915 domesticum
2176 870 2355 916 fuerant
2386 870 2497 914 invi-

195 955 305 1013 tati,
343 954 517 998 Moeris
556 970 692 999 unum
734 970 789 1000 ex
828 954 1084 999 novissimis
1118 955 1297 1015 juvenis
1338 954 1524 1015 Virgilii
1564 956 1837 1000 carminibus
1876 955 2021 1000 laetus
2061 956 2198 1000 animi
2244 955 2494 1012 cecinerat,

197 1040 320 1100 quod
365 1039 544 1098 quidem
590 1039 786 1099 Lycidas
832 1040 947 1084 clam
993 1047 1223 1098 exceptum
1268 1041 1484 1085 memoria
1530 1040 1726 1084 tenebat.
1803 1041 2001 1084 Delicias
2061 1047 2235 1085 nostras
2245 1071 2263 1095 ,
2322 1054 2497 1084 amores

197 1132 379 1170 nostros
408 1124 605 1185 Lycidas
634 1132 767 1171 vocat
796 1125 947 1171 fictam
978 1125 1099 1170 illam
1129 1125 1482 1186 Amaryllidem,
1522 1125 1744 1186 siquidem
1776 1141 1829 1169 ea
1858 1132 1909 1169 ut
1938 1123 2116 1184 Phyffls
2147 1125 2248 1181 111,
2280 1123 2374 1182 76,
2408 1123 2500 1182 78,

198 1210 324 1268 107,
356 1226 456 1255 cum
488 1227 619 1270 saepe
651 1211 759 1254 alias
801 1212 849 1255 in
880 1212 1064 1256 canticis
1096 1211 1315 1255 bucolicis
1346 1219 1516 1256 amatae
1553 1226 1790 1270 personam
1817 1209 2025 1254 tuebatur
2049 1210 2126 1267 11,
2159 1208 2240 1254 14.
2270 1209 2373 1264 111,
2405 1208 2467 1255 81
2486 1239 2500 1265 ‚

197 1301 292 1337 tum
324 1296 457 1338 etiam
489 1296 536 1338 in
566 1295 771 1339 versibus
802 1296 1028 1354 Lycidae,
1059 1297 1258 1340 cantoris
1288 1297 1448 1340 rustici
1476 1313 1521 1341 v.
1551 1296 1632 1340 52.

321 1377 381 1422 Se
409 1379 561 1438 ferre,
593 1395 642 1424 se
667 1381 866 1439 jactare,
908 1380 1241 1425 contentionem
1282 1380 1507 1438 signifieat
1546 1380 1669 1439 ejus,
1711 1380 1789 1439 qui
1821 1393 1868 1422 se
1900 1379 1966 1422 ire
1998 1377 2190 1421 simulat.
2253 1373 2404 1436 Caper
2432 1390 2505 1434 pe·

199 1464 372 1518 taleas,
405 1479 460 1508 ex
484 1464 733 1509 Theocrito
766 1472 961 1522 sumtus,
997 1472 1064 1510 est
1095 1465 1308 1510 cornibus
1338 1465 1512 1524 magnis
1544 1471 1589 1509 et
1620 1463 1734 1508 albis
1765 1463 2005 1524 longisque
2036 1462 2181 1519 villis,
2213 1476 2238 1506 e
2269 1475 2502 1521 caprarum

198 1564 388 1607 genere,
426 1565 539 1609 quae
582 1566 699 1594 nunc
731 1550 940 1594 dicuntur
969 1551 1255 1610 Angoricae,
1297 1565 1408 1610 quas
1441 1550 1621 1610 quidem
1653 1549 1797 1594 Siculi
1829 1556 1875 1592 et
1904 1548 2053 1592 Italici
2085 1562 2139 1590 ex
2169 1546 2328 1590 Africa
2359 1553 2500 1589 trans-

198 1633 397 1678 tulerunt
434 1633 520 1679 Ge.
558 1634 664 1691 111,
703 1634 819 1679 511.
879 1635 1065 1694 Virgilii
1110 1651 1313 1680 secessus
1360 1634 1449 1679 hoc
1495 1636 1691 1679 carmine
1738 1650 1878 1693 nuper
1928 1633 2164 1678 decantato
2212 1631 2359 1676 notari
2406 1646 2500 1674 non

199 1718 365 1775 potuit:
407 1733 510 1761 nam
548 1724 598 1762 ut
636 1717 722 1761 alia
760 1719 1111 1777 praetermittam
1152 1719 1371 1775 absurda,
1411 1734 1504 1764 non
1544 1718 1681 1764 hodie
1722 1718 1900 1762 demum
1942 1733 2041 1761 eum
2073 1715 2269 1776 Lycidas
2300 1714 2503 1759 audisset

202 1817 301 1846 cum
332 1802 582 1848 miratione.
642 1802 797 1860 Quid?
844 1804 883 1848 si
912 1803 1135 1865 Lycidas,
1164 1803 1253 1850 boe
1283 1805 1382 1865 ipso
1415 1804 1626 1849 carminis
1656 1803 1759 1849 loco
1793 1802 2026 1864 eligendo,
2059 1799 2226 1861 aliquid
2257 1798 2424 1845 babeat
2454 1799 2502 1842 in

201 1888 411 1931 recessu?
472 1887 529 1930 Id
569 1902 663 1932 non
702 1887 918 1933 abhorret
957 1889 1013 1933 ab
1057 1889 1152 1950 ejus
1193 1890 1389 1950 ingenio.
1449 1890 1598 1933 Poeta
1638 1895 1786 1945 certe,
1830 1901 1965 1948 quum
2007 1887 2157 1930 locum
2198 1886 2245 1928 in
2285 1882 2374 1928 boc
2406 1897 2504 1928 sen·

201 1972 441 2016 tentiarum
477 1972 711 2032 complexu
744 1975 927 2033 afferat,
967 1990 1061 2019 non
1093 1976 1248 2035 utique
1289 1975 1468 2019 videtur
1499 1989 1656 2020 cavere
1687 1973 1910 2030 voluisse,
1951 1988 2006 2016 ne
2032 1972 2209 2028 Varus,
2240 1970 2313 2014 vel
2344 1969 2503 2028 potius

204 2054 375 2100 Caesar
405 2056 681 2103 Octavianus
711 2076 792 2119 per
822 2038 1002 2119 caprum
1033 2060 1257 2120 petulcum
1287 2060 1448 2104 festive
1480 2059 1620 2104 trucis
1650 2059 1853 2103 veterani
1885 2057 2211 2101 admoneretur.

324 2142 384 2186 V.
414 2143 482 2187 26
514 2168 572 2178 -
612 2144 695 2189 29.
755 2145 900 2189 Immo
941 2161 1078 2202 vero,
1122 2145 1365 2205 respondet
1403 2144 1579 2189 Moeris
1619 2145 1831 2200 afflictus,
1872 2143 1994 2202 quod
2034 2141 2175 2200 majus
2223 2147 2319 2197 est,
2367 2153 2499 2199 quam

204 2226 424 2272 ludicrum
455 2227 567 2273 illud
597 2245 776 2275 carmen
807 2231 1097 2288 amatorium,
1139 2231 1241 2291 quis
1270 2238 1363 2274 tum
1397 2229 1530 2273 nobis
1560 2245 1719 2288 poema
1751 2227 2009 2272 absolveret
2039 2227 2087 2270 in
2116 2225 2291 2269 Varum
2324 2223 2502 2269 inchoa-

205 2320 325 2369 tum,
366 2312 491 2374 cnjus
532 2329 632 2358 eum
672 2313 783 2359 haec
824 2315 974 2360 audivi
1016 2315 1280 2361 canentem?
1340 2314 1412 2358 De
1443 2313 1598 2372 Varo,
1644 2312 1828 2358 tribuno
1871 2312 2062 2356 militum
2102 2310 2349 2369 eodemque
2381 2309 2504 2368 agris

208 2397 462 2442 dividundis
486 2405 719 2456 curatore,
750 2399 827 2459 qui
852 2400 955 2445 inde
987 2415 1041 2445 ex
1072 2407 1312 2446 auctumno
1343 2399 1549 2458 proximo
1568 2430 1583 2456 ,
1614 2406 1850 2458 postquam
1881 2397 2069 2441 Asinius
2100 2396 2256 2441 Pollio
2286 2393 2507 2450 decessit,

209 2482 327 2526 circa
357 2481 543 2542 Virgilii
583 2484 770 2542 patriam
811 2500 1025 2531 summam
1070 2486 1245 2544 imperii
1287 2484 1506 2542 obtinuit,
1547 2484 1735 2542 vestigia
1767 2488 2031 2527 conservata
2062 2481 2120 2526 ad
2150 2481 2244 2536 VI,
2288 2478 2321 2524 6
2354 2478 2506 2524 conati

208 2580 360 2610 sumus
399 2567 598 2625 aper-im,
637 2580 858 2629 aegreque
890 2569 946 2613 L.
978 2570 1198 2630 quendam
1228 2568 1444 2613 Alfenum
1474 2569 1672 2624 Varum,
1704 2568 1782 2627 qui
1815 2556 2038 2626 Syronem
2069 2566 2367 2625 Epicureum,
2402 2562 2509 2606 Vir·

208 2649 306 2710 gilii
344 2658 705 2710 praeceptorem,
745 2652 1002 2711 audiverat,
1042 2655 1250 2698 eruimus.
1314 2653 1457 2714 Cujus
1498 2669 1596 2697 cum
1638 2652 1836 2712 Virgilio
1878 2650 2159 2696 necessitudo
2200 2650 2320 2694 itane
2360 2647 2506 2693 adhuc

209 2734 323 2778 levis
352 2735 463 2792 fuit,
492 2742 544 2780 ut
573 2736 631 2779 ad
660 2744 838 2796 poetam
868 2738 1151 2782 innocentem
1182 2754 1237 2782 ex
1269 2738 1478 2783 Caesaris
1502 2738 1631 2798 jussu
1656 2736 1888 2781 tutandum
1916 2735 2226 2780 cohortatione
2255 2732 2506 2793 indigeret?

210 2818 326 2863 Tam
363 2819 555 2880 frigidus
593 2812 729 2867 bomo
771 2838 855 2868 nec
894 2823 1081 2882 Virgilii
1121 2830 1254 2869 cantu
1294 2830 1412 2868 esset
1460 2830 1736 2880 commotuS,
1785 2837 1928 2881 neque
1970 2820 2152 2879 eclogae
2189 2819 2318 2875 Vltif„e
2360 2812 2419 2859 ad
2459 2830 2510 2859 ΒΘ

213 2903 375 2951 missae
416 2922 547 2954 aures
585 2908 651 2955 ita
690 2908 844 2956 avidas
882 2908 1175 2970 praebuisset.
1237 2910 1292 2957 si
1319 2909 1471 2955 Varus
1512 2916 1692 2967 noster,
1734 2907 1856 2969 quod
1887 2923 1966 2952 cur
1997 2905 2198 2952 dubitem
2229 2919 2320 2950 non
2350 2900 2483 2948 video
2496 2933 2512 2959 ,
