2679 3396
1318 142 1351 186 5

187 284 241 329 de
271 283 320 327 J.
352 279 547 325 Caesare
579 276 696 322 inter
737 275 846 320 deos
874 270 1042 318 ‘relato'
1073 279 1326 329 auctorem,
1369 271 1707 334 intelligendum
1738 285 1862 330 esse,
1904 272 2193 317 confirmatur
2223 288 2359 319 versu
2391 270 2483 330 18,

185 369 264 412 ubi
294 365 488 427 Lycidas
528 362 642 406 hanc
685 362 884 420 eclogam
926 366 976 401 ut
1015 359 1212 419 regionis
1253 358 1373 401 illius
1414 357 1620 402 solatium
1652 356 1816 402 laudat.
1880 358 2039 418 Itaque
2071 356 2267 417 Lycidas
2297 372 2390 402 non
2423 356 2482 399 in-

186 453 374 509 telligit,
412 448 638 508 quomodo
671 445 933 488 Caesariani
972 444 1248 485 laudatorem
1279 444 1395 485 ‚Iulii
1426 444 1635 486 Caesaris
1677 452 1833 486 contra
1865 443 1998 485 fidem
2031 459 2058 483 a
2088 442 2284 484 Caesare
2316 443 2483 484 adoles-

188 545 315 582 cente
346 536 494 580 datam
526 530 718 589 spoliare
749 529 990 589 potuerint.

305 619 365 663 V.
408 615 469 662 11
516 642 573 650 —-
614 613 693 659 16.
762 614 901 658 Fama
940 612 1117 672 quidem
1158 613 1269 670 fuit,
1321 612 1562 658 Caesarem
1601 612 1897 658 Octavianum
1938 612 2149 658 carminis
2191 610 2310 655 illius
2352 626 2483 655 causa

186 710 368 750 nostros
409 715 543 761 agros
583 698 639 742 ab
683 698 805 742 omni
845 697 1065 741 divisione
1103 695 1344 755 liberasse3
1386 704 1431 740 at
1464 697 1785 757 subsequentes
1816 696 2036 741 bellorum
2079 699 2296 744 tumultus
2336 695 2486 740 omnia

187 786 433 833 rescidere:
476 792 520 829 ct
560 782 790 843 praedium
832 780 1112 839 rapiebatur,
1159 788 1202 825 et
1243 797 1325 825 nos
1367 782 1454 841 ipsi
1495 783 1541 826 in
1579 781 1775 840 pericula
1810 781 2112 828 veniebamus.
2154 810 2212 818 —-
2247 781 2486 828 Octaviani

188 871 397 930 imperia,
446 875 627 912 auctore
669 866 907 924 Appiano,
955 865 1003 907 in
1043 865 1162 924 agris
1204 864 1454 909 dividendis
1493 882 1518 908 a
1560 864 1804 922 militibus,
1855 866 1931 923 qui
1977 881 2076 910 sese
2121 867 2348 925 potentiae
2392 867 2486 924 ejus

190 954 389 999 subsidia
430 970 526 998 esse
568 951 808 1007 sentirent,
849 948 1190 1008 negligebantur
1200 966 1214 1007 3
1257 950 1476 1009 quidquid
1514 950 1704 1007 placuit,
1747 965 1800 992 ex
1842 950 1963 1008 agris
2002 952 2265 1010 propinquis
2318 950 2488 994 aufere-

189 1040 323 1096 bant,
354 1047 487 1098 atque
519 1037 631 1081 adeo
665 1034 1011 1093 opulentissimis
1042 1033 1201 1077 Italiae
1232 1033 1420 1078 urbibus
1453 1035 1625 1078 cunctis
1652 1034 1896 1078 inhiabant.
1942 1034 2093 1090 Quum
2119 1036 2310 1095 denique
2336 1034 2489 1080 Pollio

190 1132 377 1169 exeunte
407 1138 524 1166 anno
556 1114 1105 1165 DCCXIII‘cunetanter
1134 1119 1351 1176 primum,
1383 1119 1542 1162 deinde
1575 1135 1614 1163 a.
1649 1118 1748 1163 714
1780 1135 1878 1162 cum
1910 1120 2116 1163 Domitio
2147 1119 2486 1176 Ahenobarbo,

189 1208 411 1253 libertatis
452 1204 680 1261 studioso,
727 1202 1011 1262 conjunctus,
1059 1202 1223 1260 apertis
1267 1201 1383 1246 odiis
1429 1209 1585 1246 contra
1624 1201 1866 1246 Caesarem
1909 1204 2200 1260 surrexisset,
2242 1212 2348 1247 tunc
2391 1205 2489 1261 ipsa

191 1292 417 1337 Pollionis
457 1289 651 1334 amicitia
683 1289 730 1331 in
762 1303 937 1331 causam
968 1287 1086 1331 verti
1116 1293 1318 1344 poterat,
1358 1293 1407 1330 ut
1438 1286 1600 1331 milites
1631 1286 1828 1330 ferocius
1859 1293 2196 1346 grassarentur3
2229 1305 2310 1332 nec
2342 1287 2490 1346 Virgi-

191 1377 279 1421 lius
318 1387 690 1434 supervacaneum
732 1386 828 1414 esse
868 1370 1066 1429 putavit,
1107 1369 1215 1427 quid
1255 1370 1464 1425 sentiret,
1506 1370 1633 1415 Varo
1665 1372 1919 1429 praefecto,
1960 1372 2056 1428 vel,
2101 1372 2187 1416 hoc
2219 1373 2492 1431 interprete,

193 1462 279 1521 ipsi
309 1459 496 1504 Caesari
527 1457 673 1501 denuo
706 1455 946 1499 declarare.
1010 1453 1227 1498 Carmina
1259 1460 1413 1498 nostra
1444 1470 1498 1499 ex
1531 1469 1608 1498 ore
1642 1456 1761 1499 servi
1802 1455 1976 1513 fidelis,
2018 1471 2173 1501 eorum
2214 1472 2327 1516 quae
2372 1456 2493 1500 dicta

194 1552 298 1589 sunt
327 1543 631 1587 austeritatem
662 1539 933 1583 subridendo
965 1539 1183 1597 mitigant.
1229 1539 1370 1582 Hafn.
1395 1540 1455 1582 A.
1480 1541 1594 1583 tanti
1618 1539 1767 1583 habet.
1812 1538 2028 1597 Mavors,
2060 1540 2199 1584 Mars.
2263 1539 2493 1584 Chaoniae

194 1630 421 1674 columbae
452 1626 508 1669 ab
541 1624 722 1668 oraculo
754 1623 1006 1666 Dodonaeo
1037 1623 1194 1681 Epiri,
1226 1639 1340 1681 quae
1366 1623 1495 1667 sedes
1520 1624 1606 1666 fuit
1636 1630 1835 1666 veterum
1862 1623 2115 1668 Chaonum.
2162 1625 2290 1679 Quae
2316 1624 2491 1670 accedit

198 1712 444 1758 sanctitatis
494 1709 669 1753 divinae
720 1708 871 1763 notio,
928 1707 1262 1750 accommodata
1304 1713 1372 1750 est
1412 1707 1468 1749 ad
1510 1707 1720 1751 exterrita
1762 1715 1994 1766 poetarum
2044 1708 2252 1752 carmina.
2327 1709 2499 1753 Dicunt

197 1801 333 1843 homo
376 1797 583 1839 indoctus
621 1793 822 1836 modeste
864 1792 999 1835 addit.
1065 1791 1196 1846 Quod
1235 1795 1345 1846 nisi,
1387 1800 1571 1850 propter
1612 1793 1734 1852 quod
1774 1793 1861 1835 nisi
1908 1794 1992 1836 Ge.
2029 1795 2079 1850 1,
2122 1792 2234 1837 155.
2267 1794 2347 1851 II,
2380 1793 2497 1838 425.

194 1883 299 1926 Nisi
337 1898 362 1923 a
404 1880 583 1924 cornice
623 1878 819 1922 monitus
860 1877 1016 1935 quavis
1057 1877 1231 1919 ratione
1274 1876 1398 1919 litem
1440 1892 1541 1919 cum
1588 1884 1801 1920 veterano
1849 1884 2105 1920 nascentem
2151 1877 2498 1936 praecidissem,

198 1975 243 2012 et
274 1967 330 2009 ad
358 1965 590 2008 libidinem
632 1963 725 2022 ejus
764 1978 835 2005 me
877 1968 1020 2004 totum
1061 1961 1491 2017 accommodassem,
1538 1978 1623 2021 ego
1665 1963 1786 2019 ipse,
1835 1969 1885 2005 ut
1921 1978 2062 2021 nuper
2105 1962 2311 2006 dominus
2348 1978 2503 2019 meus,

196 2066 336 2110 prope
368 2051 541 2094 occisus
573 2063 729 2091 essem.
777 2046 1049 2104 Quae-unque
1076 2045 1274 2103 intellige
1305 2048 1381 2088 via
1408 2045 1555 2105 soret,
1589 2046 1766 2090 dicendi
1797 2046 1942 2088 forma
1974 2053 2236 2089 vetustatem
2269 2047 2497 2104 redolens,

198 2136 277 2180 ubi
306 2137 498 2194 quisquis
540 2139 586 2176 et
625 2132 894 2190 quicunque,
936 2136 986 2172 ut
1016 2131 1226 2188 quisque,
1258 2145 1375 2173 nunc
1407 2133 1547 2174 omnis
1578 2133 1680 2189 qui,
1712 2146 1829 2174 nunc
1855 2130 2038 2188 quilibet
2066 2130 2378 2189 significarunt
2403 2131 2499 2186 m,

200 2218 315 2264 109.
375 2219 434 2260 In
463 2216 606 2259 Hafa.
634 2215 690 2258 C.
723 2220 867 2258 exstat
898 2213 1083 2256 vitiose:
1126 2228 1180 2254 ex
1211 2228 1482 2271 quacunque.
1545 2213 1778 2268 Incidere,
1818 2215 2044 2270 insecare,
2075 2220 2124 2256 ut
2153 2214 2271 2256 vites
2302 2213 2504 2257 novellas

202 2304 305 2359 111,
353 2301 432 2346 11.
493 2283 650 2343 Novas
693 2300 818 2352 lites,
861 2303 1089 2353 recentes,
1128 2296 1263 2340 modo
1306 2303 1497 2339 exortas,
1560 2295 1757 2340 Sinistra
1799 2304 1969 2341 ostenta
1999 2300 2030 2340 i.
2065 2313 2104 2340 e.
2137 2314 2163 2339 a
2195 2299 2400 2355 sinistra,
2442 2298 2500 2340 ab

203 2396 305 2433 ortu
345 2385 594 2442 venientia,
635 2400 747 2444 quac
787 2383 882 2427 fere
922 2382 1070 2426 fausta
1110 2389 1237 2425 erant
1277 2381 1496 2427 Romanis
1539 2382 1597 2426 ad
1642 2383 1873 2428 meridiem
1921 2382 2238 2440 spectantibus,
2311 2383 2406 2427 Hic
2452 2383 2502 2426 id

203 2473 443 2518 infaustum
483 2469 595 2526 fuit,
645 2467 767 2528 'quod
812 2467 901 2511 ilex
940 2466 1063 2524 VII,
1105 2466 1131 2511 1
1148 2499 1162 2523 ,
1215 2466 1351 2511 arbor
1390 2467 1606 2527 frugifera
1651 2483 1762 2512 cava
1803 2475 1923 2524 erat,
1970 2468 2044 2511 cui
2083 2468 2278 2512 insidens
2319 2469 2505 2512 sinistra

205 2560 357 2605 cornix
386 2553 501 2600 mala
540 2560 713 2598 tantum
754 2551 953 2598 canendo
982 2552 1335 2619 praenuntiavit.
1397 2551 1562 2598 Cicero
1595 2552 1730 2597 divin.
1762 2553 1787 2597 1
1819 2553 1954 2610 dicit,
2004 2576 2016 2590 ·
2041 2569 2066 2597 a
2098 2553 2252 2597 dextra
2289 2569 2504 2610 corvum,

207 2660 233 2688 a
271 2642 453 2687 sinistra
498 2638 723 2684 cornicem
764 2642 908 2682 ratum
950 2636 1112 2682 facere.
1137 2659 1151 2675 ·
1223 2636 1361 2696 Apud
1408 2637 1618 2684 Plautum
1663 2653 1841 2698 quoque
1882 2638 2013 2683 Asin.
2054 2637 2129 2694 11,
2173 2637 2231 2695 1,
2272 2636 2356 2684 12.
2398 2653 2502 2683 aves

208 2725 463 2771 addicentes
505 2729 607 2767 sunt
647 2722 771 2782 picus
812 2728 857 2766 et
898 2721 1054 2765 cornix
1096 2720 1153 2764 ab
1193 2720 1342 2779 laeva,
1382 2736 1408 2765 a
1440 2721 1595 2767 dextra
1627 2737 1790 2769 corvus
1823 2729 1867 2768 et
1898 2737 2053 2783 parra,
2095 2727 2141 2767 at
2172 2721 2299 2781 picus
2333 2723 2501 2772 ulmum

210 2812 397 2858 tundens
429 2808 687 2855 observanti
718 2806 940 2869 significat
967 2830 1023 2839 —·
1049 2804 1251 2851 verbera.
