2679 3396
877 656 1758 733 Praefatio,

175 1030 439 1121 Constat
478 1068 618 1120 inter
657 1084 869 1131 omneS,
906 1066 952 1118 J.
986 1066 1051 1117 H.
1086 1066 1266 1118 Vossii
1301 1066 1715 1118 commentarios
1753 1067 1808 1116 in
1839 1066 2093 1117 Bucolica
2129 1080 2180 1117 et
2207 1067 2474 1135 Georgica

171 1160 470 1229 Virgiliana
509 1174 561 1210 et
597 1158 897 1227 multiplice
938 1175 1118 1209 rerum
1157 1158 1502 1227 antiquarum
1540 1156 1786 1209 doctrina
1827 1170 1878 1206 et
1916 1175 2045 1208 vera
2084 1157 2474 1227 interpretandi

172 1250 469 1303 subtilitate
509 1263 671 1320 atque
713 1248 992 1315 diligentia
1033 1247 1168 1298 adeo
1210 1247 1506 1312 excellere,
1544 1261 1603 1298 ut
1639 1265 1760 1297 cum
1793 1247 2264 1316 praestantissimis
2301 1248 2474 1315 operi-

171 1343 273 1392 bus
306 1343 420 1410 ejus
450 1340 658 1407 generis
689 1358 752 1389 ex
783 1338 966 1388 seculo
999 1336 1212 1388 decimo
1246 1353 1394 1388 sexto
1423 1338 1511 1389 vel
1551 1339 1778 1405 septimo
1817 1340 1933 1405 jure
1976 1338 2209 1391 conferri
2247 1339 2470 1406 possint.

174 1432 323 1498 Quin
354 1429 491 1480 adeo
520 1448 648 1497 prae
677 1429 876 1497 Lipsiis
909 1442 961 1478 et
992 1428 1328 1478 Casaubonis
1359 1428 1417 1478 id
1444 1428 1665 1479 Vossius
1702 1429 2057 1496 praecipuum
2089 1427 2281 1489 habet,
2323 1427 2475 1497 quod

173 1539 257 1572 res
308 1520 378 1570 ob
427 1532 746 1571 vetustatem
796 1537 825 1567 a
864 1518 1020 1568 nobis
1061 1518 1473 1580 remotissimas,
1521 1531 1582 1567 ut
1619 1531 1862 1568 veterum
1900 1516 2109 1567 fabulas
2124 1557 2140 1580 ,
2189 1517 2471 1584 opiniones

173 1610 240 1660 de
298 1607 444 1660 orbis
498 1622 763 1658 terrarum
822 1606 996 1657 forma
1053 1620 1104 1656 et
1160 1606 1557 1676 descriptione,
1613 1607 1753 1658 vitae
1809 1605 2061 1674 publicae
2120 1607 2470 1676 privataeque

172 1717 349 1750 mores
391 1712 442 1749 et
481 1697 752 1761 instituta,
804 1697 877 1748 ita
926 1696 1215 1749 illustravit
1267 1712 1319 1748 et
1358 1697 1528 1748 oculis
1569 1698 1762 1748 nostris
1805 1696 2071 1761 admovit,
2122 1712 2181 1747 ut
2224 1698 2468 1749 homines

176 1789 427 1859 antiquos
478 1800 691 1854 agentes
742 1786 956 1850 videre,
1009 1801 1061 1837 et
1111 1806 1232 1838 cum
1282 1788 1345 1836 iis
1396 1803 1655 1858 tanquam
1695 1807 1815 1838 cum
1856 1788 2227 1856 praesentibus
2268 1792 2471 1842 versari

172 1877 330 1929 nobis
378 1875 675 1930 videamur.
763 1875 832 1928 At
878 1895 1007 1930 vero
1056 1897 1122 1929 ne
1175 1877 1344 1928 nostri
1395 1876 1618 1948 quidem
1669 1878 1940 1946 egregium
1997 1878 2098 1928 hoc
2155 1897 2287 1948 opus
2343 1880 2471 1931 satis

173 1970 446 2036 cognitum
474 1968 704 2032 habent,
740 1967 941 2019 nedum
971 1970 1205 2031 externi,
1247 1967 1395 2019 Galli
1426 1982 1478 2018 et
1505 1968 1774 2032 Britanni,
1812 1970 1907 2038 qui
1939 1987 2265 2039 quamquam
2298 1988 2473 2039 nuper

173 2056 242 2109 ad
279 2071 486 2109 nostras
529 2076 751 2129 quoque
792 2057 995 2109 litteras
1037 2059 1274 2108 animum
1317 2058 1587 2127 applicare
1629 2060 1973 2127 inceperunt,
2014 2073 2191 2109 tamen
2233 2059 2473 2127 linguam

172 2160 409 2199 nostram
460 2165 581 2198 raro
632 2149 705 2198 ita
743 2147 1088 2216 perdiscunt,
1136 2162 1196 2197 ut
1235 2147 1434 2210 libros,
1488 2151 1582 2217 qui
1622 2166 1815 2215 genere
1857 2148 2076 2199 dicendi
2117 2151 2468 2219 exquisitiore

173 2251 226 2289 et
263 2237 600 2308 aliquantum
641 2255 670 2286 a
709 2237 981 2287 communi
1020 2254 1120 2286 usu
1162 2236 1514 2300 abhorrente,
1563 2251 1622 2287 ut
1662 2239 1939 2300 Vossiani,
1987 2239 2279 2307 conscripti
2318 2254 2470 2303 sunt,

171 2326 329 2378 facile
370 2326 671 2393 intelligere
714 2340 765 2377 et
804 2328 859 2376 in
897 2345 1055 2377 usum
1094 2345 1250 2377 suum
1290 2341 1634 2390 convertere,
1673 2328 1895 2395 possint.
1955 2327 2103 2378 Hanc
2145 2329 2215 2380 ob
2256 2348 2471 2381 causam

173 2433 295 2467 cum
345 2416 463 2467 aliis
512 2418 623 2484 jam
673 2416 973 2467 litterarum
1023 2415 1183 2467 laude
1234 2417 1532 2483 insignibus
1571 2417 1699 2469 viris
1741 2435 1974 2485 aequum
2013 2418 2189 2469 visum
2229 2433 2335 2482 est,
2376 2439 2468 2470 eos

173 2506 587 2560 commentarios
638 2506 695 2555 in
746 2505 986 2571 linguam
1034 2505 1370 2556 eruditorum
1421 2507 1455 2555 i.
1496 2526 1541 2557 e.
1584 2506 1805 2556 latinam
1853 2509 2125 2570 converti,
2174 2522 2234 2557 ut
2282 2509 2470 2578 copiae

174 2614 361 2648 eorum
400 2594 630 2647 externis
673 2614 895 2666 quoque
933 2609 1197 2664 paterent,
1236 2609 1349 2646 tum
1378 2596 1600 2648 Vossius
1631 2596 1765 2664 ipse,
1804 2610 1864 2646 ut
1891 2616 2049 2666 saepe
2082 2617 2144 2647 ex
2184 2617 2248 2647 eo
2289 2617 2474 2649 coram

118 2689 122 2693 '
173 2684 387 2750 andivi,
425 2685 654 2738 maxime
695 2684 822 2738 huic
861 2685 1155 2739 sententiae
1195 2685 1441 2746 favebat,
1483 2687 1528 2737 si
1556 2686 1835 2756 provincia
1867 2687 1940 2738 ita
1981 2686 2469 2753 administraretur,

170 2787 232 2828 ut
279 2775 649 2846 interpretatio
712 2774 878 2829 latina
927 2775 1187 2859 qrermani
1248 2776 1424 2846 operis
1476 2776 1752 2844 ingenium
1804 2791 1855 2828 et
1904 2778 2157 2830 virtutem
2208 2780 2471 2851 quodam-

170 2863 338 2918 modo
362 2865 601 2920 referret.
663 2865 815 2920 Unus
841 2865 1065 2924 tanffum
1099 2866 1293 2931 adhuc,
1334 2865 1484 2938 quod
1513 2867 1695 2931 sciam,
1735 2867 1876 2919 hunc
1908 2867 2152 2921 laborem
2179 2888 2470 2947 aggressus,
