2679 3396
1290 173 1325 216 2

1246 227 1368 243 a*

152 303 246 363 (1.,
272 303 392 362 11),
431 303 592 348 itinere
632 304 679 346 iu
718 302 896 347 Italiam
938 302 1199 347 inferiorem
1244 310 1479 364 suscepto,
1523 303 1794 350 Mantuanos
1824 304 1984 352 turbae
2020 310 2332 369 rapacissimae
2362 310 2457 357 libi-

154 389 332 433 dinibus
365 388 496 447 plane
528 388 820 446 exposuisset.

269 473 432 533 Neque
475 474 591 516 enim
633 470 925 515 dubitandum
967 479 1059 528 est,
1101 471 1208 530 quin
1238 469 1462 531 Virgilius
1498 471 1613 517 hanc
1654 473 1881 533 eclogam,
1921 491 2011 535 qua
2045 491 2125 520 sua
2156 477 2244 522 sibi
2275 495 2454 526 servare

151 556 388 612 studebat,
427 556 546 599 haud
587 562 849 599 cunctanter
890 555 1085 599 scribere
1118 570 1355 613 aggressus
1396 557 1479 612 sit,
1520 572 1766 616 versusque
1800 557 1869 601 60
1903 558 2061 617 docet,
2102 577 2198 606 eam
2229 563 2457 608 solstitiali

150 648 352 701 tempore
392 640 683 700 compositam
724 650 839 685 esse.
898 639 970 683 Ex
1012 648 1192 684 secessu
1232 640 1281 684 iu
1322 639 1512 708 Sygonis
1549 639 1705 687 villula
1744 639 2001 703 suburbana
2040 660 2084 690 v.
2121 644 2182 702 4,
2226 661 2314 706 quo
2355 662 2454 691 cum

151 727 246 771 suis
286 725 574 785 confugerat,
614 739 713 768 eam
754 723 810 767 ad
840 722 1012 767 Varum
1054 722 1212 768 ducem
1243 724 1391 782 misit,
1433 725 1559 770 cuius
1591 740 1727 785 opera
1759 724 1946 774 Caesari
1978 727 2228 776 Octaviano
2261 730 2451 790 agellum

152 827 279 857 suum
311 809 580 856 servandum
612 807 958 854 commendaret.

270 896 480 939 Iuventio
514 895 699 952 simplex
732 901 801 937 est
833 900 878 936 et
908 893 965 935 ad
999 894 1234 937 consilium
1261 894 1611 937 accommodata.
1657 894 1848 952 Moeris,
1873 896 2048 939 villicus
2074 897 2332 956 Menalcae,
2364 916 2452 959 quo

148 981 329 1024 nomine
359 979 607 1038 Virgilius,
638 977 756 1020 Julii
787 977 995 1020 Caesaris
1026 977 1261 1033 laudator,
1301 979 1348 1019 in
1379 978 1535 1035 ecloga
1565 980 1720 1036 quinta
1751 995 1801 1022 se
1838 980 1983 1037 ipsum
2015 981 2244 1041 designat,
2284 999 2454 1040 posses-

148 1065 243 1108 sori
273 1065 471 1106 immisso
503 1062 750 1105 haedorum
781 1076 861 1118 par
887 1060 1118 1105 Mantuam
1149 1067 1312 1118 portat.
1358 1060 1555 1119 Lycidas
1582 1061 1676 1120 ejus
1701 1061 1959 1121 familiaris,
1991 1065 2201 1109 cantandi
2226 1066 2453 1110 studiosus

148 1164 205 1192 ex
235 1148 418 1205 regione
455 1145 665 1201 Andina,
696 1145 744 1188 in
777 1145 850 1188 via
886 1160 985 1187 eum
1020 1142 1222 1190 offendit.
1284 1142 1621 1203 Colloquuntur
1652 1144 1707 1189 de
1737 1144 1970 1191 Menalcae
2000 1146 2207 1206 fortuna,
2237 1149 2452 1210 locosque

149 1248 204 1276 ex
243 1231 339 1288 ejus
373 1228 647 1274 carminibus
679 1227 988 1284 modulantur,
1027 1227 1211 1286 caritate
1255 1233 1298 1270 et
1333 1227 1641 1272 misericordia
1686 1230 1912 1274 commoti.
1972 1229 2101 1286 Quae
2145 1232 2324 1291 quidem
2357 1249 2456 1277 can-

147 1314 373 1358 tiunculae
405 1312 620 1369 abruptae
652 1311 854 1370 quamvis
883 1311 1072 1355 fortuito
1105 1317 1235 1355 natae
1268 1326 1365 1355 csse
1401 1310 1661 1368 videantur,
1692 1311 1849 1357 eodem
1881 1313 2071 1358 consilio
2104 1315 2294 1373 scriptae
2325 1324 2453 1371 sunt,

147 1415 239 1459 quo
267 1397 423 1457 ecloga
449 1397 604 1457 quinta
629 1412 729 1440 cum
756 1395 950 1439 secunda
977 1402 1020 1440 et
1047 1394 1179 1439 tertia
1205 1392 1431 1454 quondam
1452 1393 1509 1439 ad
1530 1393 1771 1441 Caesarem
1792 1394 2090 1442 Octavianum
2112 1397 2254 1457 (prol.
2282 1398 2339 1443 ad
2366 1398 2451 1458 V.)

145 1483 335 1539 missae,
366 1489 415 1527 ut
446 1487 605 1540 poetae
637 1479 869 1540 eidemque
899 1478 1014 1529 Julii
1045 1477 1257 1526 Caesaris
1290 1477 1552 1525 admiratori
1581 1481 1772 1541 gratiam
1803 1487 1847 1526 et
1881 1481 2082 1527 favorem
2115 1482 2369 1530 concilient.

816 1807 1789 1872 AnnotationcS.

263 1991 325 2034 V.
357 1989 402 2034 1.
450 1984 624 2030 Moeris
631 2017 648 2041 ,
680 1983 855 2028 villicus
882 1982 1016 2043 agelli
1041 1982 1317 2039 Maroniani,
1350 1991 1395 2028 et
1416 1983 1636 2043 Lycidas,
1668 1983 1930 2029 adolescens
1956 1985 2201 2030 carminum
2227 1986 2453 2033 studiosus

145 2093 201 2122 ex
230 2075 483 2135 propinquo
516 2087 632 2130 pago
665 2069 963 2125 conveniunt,
993 2068 1073 2112 ubi
1098 2068 1210 2113 duae
1236 2069 1334 2112 viae
1359 2067 1593 2113 Mantuam
1617 2068 1814 2113 ferentes
1841 2076 2123 2129 competunt,
2153 2087 2329 2132 unaque
2355 2087 2453 2131 pro·

141 2161 407 2224 grediuntur
437 2159 556 2201 inter
587 2170 817 2199 sermones
857 2161 903 2198 et
944 2161 1114 2197 cantus.
1177 2152 1400 2211 LycidaS,
1439 2152 1573 2196 Ande
1615 2152 1799 2213 hospes,
1838 2153 2037 2198 nondum
2079 2153 2274 2214 audivit,
2320 2158 2453 2201 etiam

141 2252 321 2307 poetam
353 2242 610 2298 Andinum,
641 2241 714 2284 cui
744 2239 898 2304 laudes
928 2238 1046 2282 «Iulii
1076 2237 1287 2283 Caesaris
1318 2236 1568 2298 multasque
1612 2237 1722 2281 alias
1763 2236 1898 2283 debet
1939 2239 2270 2298 cantiunculas,
2312 2257 2453 2301 nuper

141 2324 328 2375 fundum
371 2320 498 2371 suum
539 2325 757 2369 amisisse.
818 2323 995 2367 Eodem
1037 2322 1173 2366 modo
1205 2321 1481 2378 Theocrito,
1523 2321 1580 2364 ad
1620 2322 1819 2367 solemne
1850 2321 2172 2384 Thalysiorum
2213 2339 2311 2368 sese
2351 2341 2451 2370 con-

139 2409 306 2459 ferenti
345 2411 483 2456 homo
524 2410 757 2454 familiaris
798 2407 1023 2467 Lycidas,
1064 2406 1293 2465 caprarius
1324 2405 1583 2463 Cretensis,
1629 2408 1678 2450 in
1721 2409 1856 2452 trivio
1900 2409 2125 2465 occurrit,
2171 2423 2359 2469 eumque
2389 2410 2451 2453 ita

143 2494 388 2558 alloquitur
414 2496 484 2540 ld.
517 2496 642 2552 VII,
672 2512 713 2538 v.
745 2493 826 2538 21.

265 2588 475 2640 Σιμιχίδα,
510 2591 571 2640 πᾷ
605 2586 655 2638 δὴ
679 2588 726 2625 τύ
750 2586 988 2636 μεσαμέριον
1013 2582 1123 2625 πόδα
1148 2583 1290 2632 ἓλειειςς
1314 2606 1365 2612 —
1413 2575 1511 2631 Quo
1559 2581 1602 2619 te
1641 2577 1814 2636 pedes?
1854 2576 2054 2636 intellige
2099 2579 2290 2623 ducunt.-
2338 2595 2450 2638 quae

143 2666 324 2728 quidem
352 2667 523 2710 locutio
558 2666 605 2708 in
636 2662 878 2723 proverbio
912 2670 981 2706 est
1011 2661 1067 2705 de
1097 2660 1180 2717 iis,
1212 2659 1289 2719 qui
1319 2665 1486 2703 temere
1516 2668 1723 2719 pergunt.
1783 2660 1963 2706 Plinius
1994 2660 2230 2707 Secundus
2260 2662 2385 2721 VII,
2416 2663 2449 2708 5

143 2752 201 2796 ad
230 2766 415 2795 uxorem
446 2751 510 2796 ita
540 2747 720 2800 scribit:
762 2770 774 2785 ·
799 2747 855 2791 ad
886 2746 1077 2791 diaetam
1108 2752 1230 2790 tuam
1261 2744 1348 2804 ipsi
1377 2760 1474 2803 me,
1506 2751 1557 2789 ut
1586 2745 1818 2790 verissime
1843 2744 2033 2804 dicitur,
2062 2746 2199 2806 pedes
2224 2746 2405 2792 ducunt.
2429 2769 2441 2784 ·

142 2835 270 2881 Idem
321 2833 420 2881 vult
465 2829 786 2880 Theocriteum
835 2826 968 2877 illud:
1001 2840 1065 2892 πᾷ
1088 2836 1136 2880 τῦ
1160 2833 1267 2879 πόδα
1293 2835 1415 2884 ἕλκεις
1425 2853 1439 2888 ,·
1483 2837 1528 2874 et
1566 2829 1717 2889 XIII,
1761 2829 1839 2875 70·
1879 2830 2032 2889 xlv,
2072 2830 2154 2876 42.
2225 2830 2448 2877 Hercules

142 2921 297 2968 furens
325 2928 460 2983 atque
481 2919 646 2966 femina
674 2918 893 2981 quaedam
909 2917 1172 2975 verberata,
1203 2917 1231 2978 ᾇ
1255 2920 1378 2970 πόδες
1404 2919 1514 2977 ἆγον,
1546 2915 1773 2961 festinant.
1820 2916 1870 2961 Is
1894 2916 2048 2977 igitur,
2078 2917 2156 2977 qui
2182 2917 2446 2979 interrogat,
