2679 3396
1237 53 1261 73 f

1272 133 1393 211 A!-

184 287 279 347 ejus
308 284 643 343 frequentasse,
682 285 732 324 ut
761 276 931 322 verrio
963 284 1144 336 quoque
1174 269 1341 319 Flacco
1372 280 1721 334 compararetur.
1783 272 1980 318 Carmen
2011 271 2098 318 hoc
2130 271 2214 317 fuit
2244 272 2300 318 de
2332 272 2486 318 natali·

176 370 267 414 vbus
297 363 547 424 Adonidis,
588 355 719 426 quem
768 363 962 422 Smyrna
1003 359 1101 404 sive
1138 359 1327 420 Myrrha
1367 375 1449 405 suo
1491 359 1630 419 ipsius
1670 359 1787 419 patri
1826 359 2025 418 peperit,
2065 356 2112 402 id
2141 357 2266 418 quod
2291 359 2486 424 certissi-

183 465 302 499 mum
332 452 387 498 fit
417 467 471 497 ex
499 453 587 495 hoc
619 448 736 508 apud
766 447 1052 493 Priscianum
1083 445 1156 490 v!
1172 455 1346 503 versu,
1376 443 1471 489 sive
1501 444 1639 505 legis:

666 533 733 578 At
764 530 909 578 scelus
940 532 1112 577 incesto
1147 528 1342 590 Cinyrae
1373 529 1604 575 crescebat
1633 530 1681 575 in
1713 529 1842 586 alvo,

186 625 306 681 sive,
336 629 386 667 ut
415 620 700 665 Burmannus
733 617 968 663 emendare
998 617 1118 661 vult:

667 703 734 748 At
764 702 909 746 scelus
940 703 1114 746 incerto
1147 699 1369 761 Smyrnae
1401 699 1631 746 crescebat
1661 700 1709 743 in
1740 700 1857 744 alvo.

185 791 305 837 Sunt
336 789 414 848 qui
443 787 637 834 Cinnam
675 793 878 831 nostrum
909 781 1124 830 Helvium
1155 785 1376 843 Cinnam,
1418 784 1646 831 tribunum
1677 779 1846 842 plebis,
1881 784 2021 829 fuisse
2052 791 2233 842 putent,
2278 800 2408 844 quem
2441 787 2487 830 in

185 873 422 931 Caesaris,
462 872 593 917 amici
624 871 790 930 ipsius,
829 871 986 915 funere
1017 869 1146 929 plebs
1176 870 1413 928 seditiosa,
1452 870 1581 930 quasi
1612 868 1855 915 Cornelius
1886 868 2034 916 Cinna
2063 876 2245 928 praetor
2275 870 2314 913 is
2346 876 2489 927 esset,

188 958 365 1004 oceidit.
428 957 521 1002 Sed
549 957 745 1001 nominis
785 955 1029 1001 similitudo
1070 954 1184 1000 nihil
1213 954 1401 1017 probat,
1440 970 1540 1001 cum
1571 971 1715 1016 neque
1745 955 1974 1001 tribunum
2005 956 2241 1017 quisquam
2273 963 2490 1017 quatuor,

188 1046 265 1105 qui
291 1044 385 1104 ejus
410 1043 683 1088 mentionem
708 1041 902 1100 faciunt,
934 1042 1201 1101 scriptorum
1226 1047 1385 1100 poetae
1412 1037 1621 1086 laudibus
1649 1041 1935 1099 excelluisse,
1965 1057 2109 1102 neque
2135 1049 2314 1101 poetam
2335 1058 2490 1086 rursus

188 1129 466 1190 grammatici
485 1136 574 1173 tam
594 1128 759 1188 insigni
777 1134 922 1172 morte
945 1125 1208 1172 occubuisse
1234 1126 1447 1184 tradant„
1471 1126 1588 1170 Veri
1612 1126 1758 1171 simile
1781 1134 1865 1182 est,
1897 1133 2075 1185 poetam
2090 1127 2242 1172 Asinii
2263 1127 2491 1172 Pollionis

190 1214 516 1274 expeditionem
542 1212 755 1257 adversus
775 1212 1023 1256 Parthinos
1066 1219 1317 1270 susceptam
1348 1226 1387 1255 a.
1421 1209 1711 1257 715vidisse.
1759 1211 2011 1269 Supersunt
2043 1212 2159 1256 enim
2179 1228 2234 1256 ex
2266 1212 2361 1272 ejus
2380 1212 2491 1256 Pro·

184 1302 404 1358 pemptico
425 1298 645 1341 Pollionis
674 1297 846 1357 aliquot
877 1312 1031 1340 versus
1052 1295 1281 1355 (Gramm.
1308 1294 1496 1340 Putsch.
1517 1311 1560 1353 p.
1580 1295 1662 1339 99.
1703 1295 1861 1340 Barth.
1898 1296 1998 1340 adv.
2018 1296 2090 1340 IV
2100 1327 2116 1353 ‚
2147 1295 2269 1354 20),
2301 1311 2493 1356 quorum

193 1390 499 1443 argumentum
533 1382 720 1425 carmini
748 1382 795 1424 in
817 1381 986 1424 abitum
1014 1380 1165 1438 ducis,
1198 1379 1321 1440 cujus
1352 1376 1523 1424 reditus
1556 1394 1655 1423 cum
1689 1381 1846 1439 spoliis
1879 1380 2101 1440 opulentis
2127 1381 2492 1440 exspectabatur,

194 1469 375 1512 omnino
395 1465 651 1526 respondet.
696 1459 856 1526 Neque
883 1464 1079 1510 dubitari
1104 1472 1278 1525 potest,
1311 1466 1421 1526 quin
1440 1458 1633 1526 diligens
1658 1466 1807 1512 Ginna
1826 1468 1945 1511 inter
1970 1467 2156 1512 clientes
2181 1467 2316 1511 fuerit
2340 1460 2493 1512 Asinii

193 1552 445 1607 Pollionis,
478 1550 663 1596 artificis
691 1551 797 1595 item
824 1550 1153 1610 diligentissimi
1181 1550 1286 1608 111,
1318 1549 1413 1609 86,
1445 1551 1524 1611 qui
1556 1552 1814 1596 adolescens
1847 1552 1970 1596 illum
1999 1552 2046 1596 in
2071 1551 2264 1609 Catulli,
2296 1564 2488 1597 commu·

194 1640 262 1684 nis
296 1638 451 1694 amici,
481 1637 607 1694 XII,
638 1636 670 1680 6
689 1662 744 1669 —
763 1636 836 1694 9,
855 1636 1151 1681 contubernio
1178 1638 1272 1697 jam
1303 1653 1434 1696 saepe
1465 1638 1653 1683 viderat.
1716 1633 1865 1698 Diqna
1903 1638 2040 1681 Vario
2072 1646 2114 1681 et
2147 1638 2292 1683 Cinna
2301 1670 2317 1694 ,
2357 1638 2494 1699 digna

195 1740 308 1784 quae
340 1728 652 1781 comparentur
683 1738 783 1766 cum
814 1718 903 1766 illis
943 1722 1363 1780 praestantissimis,
1400 1738 1540 1782 prope
1571 1731 1622 1769 ut
1651 1720 1800 1781 VIII,
1841 1723 1920 1769 10.
1981 1724 2229 1768 Profitetur
2259 1724 2398 1784 igitur
2440 1740 2496 1768 ex

194 1807 392 1868 Lycidae
438 1807 507 1851 sui
555 1823 633 1852 ore
678 1806 927 1867 Virgilius,
972 1823 1019 1851 se
1061 1818 1304 1867 paucorum
1343 1793 1524 1854 illorum
1567 1825 1690 1869 esse,
1736 1810 1816 1869 qui
1858 1809 1913 1853 ad
1954 1809 2229 1854 condendam
2260 1809 2495 1854 Romanae

193 1894 341 1953 poesis
384 1907 561 1936 auream
603 1898 792 1937 aetatem
831 1893 950 1950 nati,
990 1892 1146 1936 rudem
1187 1893 1468 1952 ingeniorum
1509 1894 1599 1938 vim
1630 1894 1833 1939 Graecae
1874 1894 1984 1938 artis
2026 1894 2257 1953 disciplina
2289 1894 2495 1939 excolere

195 1978 434 2035 auderent,
474 1977 814 2023 adversantibus
845 1994 938 2023 non
967 1978 1024 2023 iis
1063 1979 1227 2037 modo,
1268 1978 1429 2039 quibus
1462 1979 1574 2024 duce
1606 1980 1702 2026 sola
1734 1986 1892 2024 natura
1924 1996 2078 2024 versus
2111 1980 2345 2024 summisso
2377 1981 2497 2024 vitae

194 2063 481 2123 quotidianae
522 2077 727 2108 sermone
770 2062 995 2121 fluebant,
1040 2063 1120 2108 sed
1166 2063 1440 2109 calumniosa
1482 2065 1615 2109 etiam
1661 2066 2050 2125 grammaticorum
2082 2080 2198 2108 nova
2229 2065 2495 2124 fugientium

196 2147 327 2193 turha
368 2148 471 2206 111,
511 2143 592 2195 90.
653 2143 821 2194 Postea
864 2160 1071 2208 quoque,
1114 2147 1195 2193 uhi
1242 2156 1421 2195 aeterna
1460 2150 1554 2210 jam
1594 2150 1702 2194 artis
1743 2157 2028 2194 monumenta
2068 2148 2280 2194 invidiam
2324 2158 2496 2208 superas

194 2239 379 2290 verant,
435 2229 655 2277 Horatius
702 2231 927 2278 invehitur
965 2233 1054 2292 Ep.
1094 2233 1172 2290 11,
1223 2233 1279 2290 1,
1328 2233 1394 2277 89
1435 2240 1485 2277 ut
1525 2235 1574 2278 in
1614 2234 1836 2295 malignos
1887 2242 2110 2292 veterum,
2165 2235 2244 2293 qui
2293 2241 2495 2279 naturam

197 2317 338 2361 solam
372 2318 513 2361 secuti
544 2324 672 2374 sunt,
704 2318 866 2362 nimios
898 2317 1213 2362 admiratores:
1276 2317 1277 2320 ’

682 2403 882 2461 Ingeniis
913 2415 1008 2448 non
1038 2399 1113 2446 ille
1145 2404 1267 2447 favet
1296 2403 1557 2464 plauditque
1589 2404 1800 2463 sepultis,

680 2485 850 2529 Nostra
882 2487 961 2529 sed
990 2488 1245 2546 impugnat,
1277 2503 1360 2531 nos
1392 2496 1635 2550 nostraque
1667 2490 1775 2532 odit.

201 2572 263 2615 ita
294 2572 343 2614 in
374 2585 449 2628 ea,
481 2582 593 2629 quae
626 2570 851 2616 recentior
879 2564 1013 2615 Musa
1042 2571 1159 2617 levia
1192 2572 1348 2618 effudit
1376 2573 1464 2633 Ep.
1494 2574 1574 2628 11,
1606 2574 1664 2631 5,
1695 2566 1810 2619 288.

682 2655 781 2701 Nee
811 2654 975 2701 virtute
1000 2654 1125 2717 ¹foret
1156 2656 1342 2704 clarisve
1373 2658 1601 2717 potentior
1631 2660 1790 2717 armis,

681 2739 831 2797 Quam
861 2740 1013 2801 lingua
1042 2742 1250 2802 Latium,
1282 2744 1321 2787 si
1352 2752 1443 2788 non
1475 2743 1721 2789 ostenderet
1751 2756 1886 2791 unum
1920 2773 1974 2781 --

686 2825 919 2890 Quemque
950 2834 1180 2886 poetarum
1210 2827 1341 2875 limae
1372 2827 1502 2874 labor
1534 2833 1579 2875 et
1608 2841 1747 2875 mora.
