2679 3396
1292 189 1359 234 16

168 323 342 368 auferre
374 321 448 381 V,
490 322 590 382 54,
630 321 781 381 VIII,
824 322 938 372 106.
998 321 1217 379 Animus,
1265 338 1418 380 mens,
1458 322 1686 366 memon‘a.
1747 321 1872 365 Puer
1919 338 2050 380 saepe
2091 339 2173 382 per
2215 330 2335 369 totos
2376 324 2473 369 dies

169 408 364 452 aestivos
398 410 553 452 cecini.
619 408 818 453 Condere
858 409 1010 467 lonqos
1050 408 1191 463 soles,
1232 407 1394 467 longos
1427 407 1536 450 solis
1569 423 1726 452 cursus
1757 407 1814 451 ad
1855 407 2049 467 quietem
2090 407 2280 468 ducere,
2321 409 2474 468 perdu-

169 508 296 551 cere,
329 501 378 537 ut
409 493 526 552 apud
557 489 720 538 Horat.
752 492 841 537 od.
873 492 970 550 IV,
1002 491 1059 550 5,
1090 490 1181 538 29:
2224 479 2227 483 ”

653 576 825 621 Condit
856 577 1045 636 quisque
1077 578 1195 621 diem
1228 576 1418 622 collibus
1450 578 1496 620 in
1528 578 1635 620 suis.

169 662 344 710 Contra
378 664 462 710 Ge.
493 663 569 719 11,
609 660 707 706 481
754 662 927 706 hiberni
964 662 1080 706 soles
1122 662 1283 707 breves
1323 663 1419 706 dies
1451 669 1682 707 vocantur.
1743 660 1849 704 Diei
1878 660 2020 705 horae
2052 661 2207 706 civiles
2238 662 2472 708 duodecim

169 764 267 793 cum
301 764 355 793 eo
389 755 433 792 et
464 747 725 792 crescebant
757 756 801 792 et
833 748 1167 793 decrescebant.
1200 749 1286 793 Ge.
1317 750 1418 805 111,
1459 748 1575 794 527.
1639 746 1819 804 oblita,
1861 747 2081 792 oblivioni
2111 748 2302 806 tradita,
2331 756 2475 794 vetus-

167 840 262 877 tum
293 826 531 893 passivum.
594 834 698 893 Ipsa
729 850 845 892 vox,
876 842 967 879 tam
1000 850 1165 879 canora
1197 834 1422 895 quondam
1454 841 1499 878 et
1528 834 1683 891 firma,
1713 841 1764 878 ut
1783 832 1955 879 Moeris
1984 848 2148 878 nomen
2172 834 2290 879 inter
2318 842 2474 894 poetas

167 917 415 976 diceretur,
447 918 557 963 haec
588 920 684 978 ipsa
716 936 867 965 senem
898 936 969 964 me
1000 919 1152 965 deficit
1183 920 1419 977 afflictum,
1451 926 1584 980 atque
1616 919 1728 964 adeo
1761 934 1894 963 rauca
1925 918 2000 976 fit,
2040 934 2092 962 ac
2123 918 2163 962 si
2191 919 2321 979 lupus
2350 921 2476 980 prior

166 1019 236 1046 me
268 1003 444 1048 viderit.
505 1003 680 1048 Fabula
710 989 966 1064 popularis,
1009 1006 1263 1065 quicunque
1300 1004 1450 1048 subito
1481 1004 1633 1062 lupum
1663 1005 1859 1063 priorem
1890 1003 2114 1047 videntem
2147 1006 2478 1063 conspexisset,

166 1104 266 1131 eum
298 1105 454 1133 vocem
487 1091 715 1148 amittere,
757 1091 898 1134 multo
932 1091 1157 1151 antiquior
1187 1090 1272 1133 fuit
1302 1088 1550 1134 Theocrito
1583 1088 1644 1133 id.
1675 1088 1820 1147 XIV,
1858 1087 1953 1148 22,
1991 1087 2071 1133 ubi
2101 1087 2158 1132 ad
2189 1097 2474 1149 conspectum

165 1173 279 1232 Lyci
311 1173 541 1234 cujusdam
567 1174 746 1235 juvenis
777 1176 1066 1220 transfertur:

657 1261 717 1305 Οὐ
740 1265 921 1317 φθεγξῇ;
943 1259 1075 1303 Λύκον
1099 1257 1225 1313 εἶδες,
1248 1261 1389 1314 ἕπαιξέ
1414 1276 1494 1312 τις,
1518 1261 1573 1309 ὠς
1597 1260 1722 1316 σοφὸς
1745 1258 1868 1304 εἶπεν.

162 1344 271 1388 «Tam
318 1345 366 1388 in
412 1346 621 1390 Platonis
664 1363 713 1390 re
752 1346 931 1406 publica
978 1347 1192 1391 Socrates
1232 1347 1319 1390 hoc
1362 1347 1603 1405 proverbio
1645 1347 1785 1389 utitur
1827 1346 1883 1388 de
1922 1346 2072 1390 feroce
2113 1346 2474 1406 Thrasymacho:

175 1452 186 1467 ·
209 1432 297 1474 nisi
330 1446 415 1490 ego
448 1432 575 1489 prior
607 1447 706 1476 eum
738 1432 975 1488 vidissem,
1007 1448 1140 1491 quam
1170 1447 1242 1474 me
1269 1432 1370 1488 ille,
1401 1447 1587 1488 vocem,
1621 1432 1809 1490 opinor,
1841 1431 2102 1477 amisissem.
2127 1456 2139 1468 ·
2195 1432 2348 1477 Etiam
2375 1455 2387 1470 -
2429 1434 2477 1476 in

164 1515 321 1572 Italia,
362 1515 543 1559 Plinius
585 1517 730 1576 inquit
773 1516 862 1574 (H.
894 1515 951 1559 Ν.
983 1517 1135 1574 VIII,
1166 1516 1289 1577 54),
1329 1517 1526 1559 creditur
1557 1517 1763 1574 luporum
1795 1517 1919 1560 visus
1951 1532 2048 1561 esse
2080 1518 2266 1575 noxius,
2305 1533 2476 1562 vocem·

165 1615 251 1658 que
284 1599 484 1658 homini,
516 1616 646 1660 quem
679 1602 854 1659 priores
886 1602 1267 1659 contemplentur,
1299 1601 1493 1645 adimere
1526 1602 1582 1644 ad
1615 1616 1847 1659 praesens,
1874 1622 1887 1638 ι

285 1685 410 1729 Hinc
454 1684 639 1729 Servius
683 1686 769 1744 (cf.
807 1686 976 1730 Donat.
1019 1685 1075 1730 ad
1115 1686 1223 1731 Ter.
1264 1686 1355 1731 Ad.
1386 1686 1486 1744 IV,
1526 1686 1582 1744 1,
1622 1685 1717 1746 21)
1758 1683 2045 1746 proverbium
2086 1683 2298 1744 explicat:
2341 1682 2474 1744 lupus

164 1773 209 1813 in
238 1769 426 1828 fabula,
471 1771 591 1830 quod
623 1772 882 1830 repentinus
915 1772 1038 1831 ejus,
1081 1772 1134 1815 de
1168 1788 1258 1831 quo
1292 1787 1439 1816 sermo
1474 1779 1566 1830 est,
1597 1772 1875 1816 interventus
1913 1769 2131 1832 loquendi
2170 1769 2301 1812 nobis
2340 1769 2475 1813 facul-

161 1863 299 1899 tatem
332 1856 502 1901 adimit.
564 1856 743 1901 Moerin
777 1873 982 1917 quoque,
1025 1864 1073 1901 ut
1104 1856 1364 1915 Socratem,
1406 1857 1623 1901 irridendi
1664 1873 1797 1902 causa
1828 1856 1916 1901 hoc
1952 1854 2239 1915 proverbium
2271 1853 2328 1896 ad
2360 1853 2475 1896 subi-

162 1949 253 1985 tam
308 1941 500 1986 militum
550 1942 797 2000 rapacium'
822 1940 1115 2002 irruptionem
1163 1944 1378 2000 vertisse,
1435 1942 1617 1987 credere
1664 1942 1810 1985 liceat.
1872 1940 1968 1986 Sed
2007 1940 2246 1985 Menalcas
2291 1946 2471 1992 noster,

164 2024 314 2081 addit,
346 2025 440 2070 divi
471 2026 587 2070 Julii
620 2026 828 2071 Caesaris
858 2027 1090 2084 laudator,
1132 2028 1189 2070 ab
1223 2043 1304 2085 eo,
1345 2028 1422 2087 qui
1464 2027 1648 2086 benigni
1688 2043 1851 2071 nomen
1892 2027 2063 2085 accepit
2102 2025 2260 2081 heres,
2300 2024 2472 2067 restitu-

163 2118 288 2169 etur,
320 2118 363 2155 et
395 2118 467 2169 te,
498 2113 614 2156 sicut
646 2128 801 2155 omnes
831 2111 1042 2157 Caesaris
1074 2113 1271 2157 cultores
1302 2114 1478 2173 integro
1512 2113 1688 2172 saepius
1720 2112 1924 2157 carmine
1945 2110 2147 2157 canendo
2183 2107 2441 2153 oblectabit.

284 2196 343 2239 V.
374 2195 441 2240 56
477 2221 533 2232 -—
567 2196 647 2241 65.
708 2197 956 2241 Memoriae
990 2197 1291 2241 infirmitatem
1323 2199 1545 2257 praetexis
1578 2206 1621 2241 et
1652 2197 1945 2242 raucitatem?
2005 2196 2215 2253 Jocaris,
2244 2201 2295 2239 ut
2324 2208 2471 2237 meum

162 2288 319 2326 cantus
354 2280 622 2327 desiderium
654 2297 780 2326 mora
811 2283 974 2328 irriteS.
1037 2282 1184 2329 Canta
1213 2283 1375 2328 modo!
1437 2282 1631 2328 Malacia
1673 2290 1762 2328 tam
1794 2290 1923 2344 grata
1955 2289 2048 2340 est,
2088 2296 2221 2342 quam
2250 2277 2466 2322 lateribus

162 2367 251 2410 tuis
275 2366 479 2411 innoxia:
510 2367 617 2413 licet
643 2382 822 2427 quoque
848 2365 921 2411 hic
953 2366 1130 2426 paulum
1161 2369 1456 2428 requiescere.
1502 2369 1597 2414 Aut
1623 2370 1660 2413 si
1680 2370 1829 2430 pluvia
1852 2384 1908 2414 ne
1936 2367 2191 2427 colligatur,
2219 2364 2471 2419 metuimffl,

159 2465 425 2511 pergamus,
467 2458 510 2497 et
551 2452 608 2496 da
648 2451 759 2496 mihi
790 2451 959 2497 haedos
991 2453 1246 2513 gestandOS.
1308 2452 1524 2515 Lycidam
1557 2462 1606 2498 ut
1637 2460 1813 2514 poetam
1845 2453 2084 2497 vehemens
2116 2450 2387 2505 carminum,
2419 2454 2469 2490 ut

161 2537 484 2581 Caesarianum
504 2585 506 2587 ,
526 2537 779 2597 hujusmodi
822 2539 1066 2582 carminum
1106 2554 1231 2583 amor
1262 2538 1416 2597 decet,
1457 2547 1507 2582 ut
1543 2541 1752 2599 juvenem
1800 2538 2058 2593 urbanitas,
2100 2551 2186 2596 qua
2214 2534 2466 2579 Moeridem

164 2628 388 2667 senectute
428 2622 621 2666 fractum
662 2638 757 2666 esse
802 2631 934 2683 negat
985 2630 1227 2684 curatque,
1278 2639 1332 2667 ne
1383 2625 1491 2683 quid
1541 2626 1582 2667 ci
1625 2631 1785 2669 noceat
1824 2631 1901 2667 aut
1941 2622 2176 2666 molestum
2228 2621 2298 2663 sit.
2360 2618 2464 2663 Duo

160 2705 302 2751 Hafa.
334 2708 389 2751 B.
430 2707 485 2753 C.
516 2724 599 2767 pro
642 2709 887 2752 mussando
926 2709 1088 2753 vitiose
1131 2707 1298 2752 habent
1341 2711 1577 2752 cantando.
1641 2710 1728 2752 Via
1750 2708 1826 2752 ‘ab
1866 2707 1999 2752 Ande
2039 2706 2270 2750 Mantuam
2310 2719 2465 2748 versus

160 2792 363 2836 sinuatur
398 2793 523 2853 juxta
555 2793 775 2838 Mincium
816 2795 903 2837 late
944 2794 1214 2853 palustrem,
1255 2796 1332 2856 qui
1373 2795 1506 2855 paulo
1548 2801 1649 2838 ante
1691 2794 1833 2839 undas
1870 2784 2195 2840 murmurantes
2236 2790 2294 2834 ad
2323 2789 2464 2848 ripam

158 2877 396 2934 volvebat,
446 2887 489 2921 et
535 2897 650 2923 nunc
696 2896 777 2939 per
824 2879 1189 2940 tranquillitatem
1238 2882 1366 2941 quasi
1406 2894 1574 2939 aequor
1613 2888 1830 2937 stratum,
1877 2886 1930 2924 ut
1969 2894 2052 2923 nos
2092 2876 2305 2932 dicimus,
2351 2873 2463 2919 levis

157 2963 326 3024 speculi
373 2964 518 3008 instar
563 2965 674 3008 silet.
716 2965 880 3009 'Modo
928 2965 1115 3010 arbores
1163 2973 1208 3011 et
1254 2966 1376 3026 ripae
1424 2965 1720 3012 arundinosae
1741 2987 1748 2991 ⁷
1769 2963 2085 3023 susurrabant3
2126 2962 2221 3023 jam
2258 2958 2464 3021 adspice!
