2679 3396
186 365 281 417 sed
316 382 427 415 non
458 363 602 415 ultra
644 376 880 434 quatuor
918 364 1118 433 primas
1159 363 1379 431 paginas
1419 379 1731 431 progressus
1774 376 1879 425 est,
1902 376 1977 413 -ut
2009 382 2091 415 res
2122 363 2276 416 malis
2308 364 2497 417 avibus

184 470 430 524 suscepta
478 472 591 505 esse
637 453 902 506 videatur.
987 453 1109 506 Non
1157 453 1320 519 igitur
1372 470 1502 519 ego,
1547 467 1599 504 et
1635 453 1680 504 J.
1732 452 2236 521 Freudenhergius,
2284 456 2494 524 juvenis

184 545 317 595 mihi
349 545 734 606 amicissimus,
778 544 974 614 quibus
1014 545 1069 590 in
1110 543 1290 592 animo
1318 561 1459 591 nunc
1490 556 1598 605 est,
1638 561 1773 610 opus
1805 543 1948 593 illud
1976 544 2299 595 Vossianum
2328 545 2493 596 latine

184 633 592 702 interpretando
624 633 768 684 ultra
789 632 1111 684 Germaniae
1143 629 1276 681 fines
1307 630 1582 699 proferre,
1621 650 1687 681 ne
1723 632 2014 682 consilium
2043 646 2287 685 nostrum
2318 653 2494 704 repre-

182 724 478 786 hendatur,
523 742 807 788 veremur3
851 737 903 773 at
944 723 1112 789 magis
1153 721 1211 772 id
1250 739 1530 784 veremur,
1569 739 1636 770 ne
1678 721 1821 772 vires
1863 736 2078 773 nostrae
2108 736 2317 774 tantum
2357 742 2491 774 onus

183 815 446 865 sustinere
472 832 583 864 non
613 814 836 883 possint.
887 812 973 863 En
1003 813 1278 882 specimen
1303 811 1372 862 ad
1401 811 1460 862 id
1481 805 1658 881 ipsum
1682 827 2074 881 comparatum,
2102 828 2163 864 ut
2181 814 2490 865 hominibus

184 904 410 956 eruditis
441 905 652 974 copiam
680 903 939 954 faciamus
972 902 1038 954 de
1070 903 1312 972 partibus
1350 920 1379 953 a
1405 903 1563 954 nobis
1594 902 1854 971 susceptis
1883 903 2103 971 publice
2136 903 2490 974 disceptandi.

182 995 399 1063 Quodsi
435 994 679 1062 judicum
720 993 1142 1060 intelligentium
1187 994 1436 1059 suffragia
1475 992 1575 1043 hoc
1616 992 1921 1061 periculum
1961 994 2341 1062 probaverint,
2382 995 2491 1045 for·

183 1086 310 1137 titer
347 1101 662 1152 pergemus,
714 1097 766 1133 et
805 1084 1105 1151 conjunctis
1145 1083 1351 1133 viribus
1393 1100 1507 1132 rem
1546 1083 1621 1132 ita
1658 1083 2002 1149 urgebimus,
2040 1098 2101 1133 ut
2142 1084 2355 1135 duobus
2399 1096 2489 1135 aut

182 1175 351 1227 tribus
392 1191 662 1224 summum
702 1174 854 1223 annis
894 1186 1067 1224 totum
1106 1191 1242 1242 OPUS
1277 1171 1605 1223 abSOlvatul'·

359 1302 557 1373 Scripsi
594 1300 882 1357 Crucenaoi
919 1299 1053 1357 Idib.
1087 1301 1228 1370 Sept.
1264 1321 1314 1355 α.
1349 1299 1819 1357 MDCCCXXXI.

1517 1477 1633 1540 Dr.
1690 1473 2358 1546 ssssmssmssssm
