2679 3396
1273 138 1396 214 A}-

185 278 367 322 decreto
398 281 528 320 antea
557 275 678 320 facto
709 273 797 320 hoc
828 289 992 319 nomen
1017 251 1112 332 Pro.
1131 272 1327 330 Quintili
1355 274 1580 332 imposuit.
1615 271 1829 323 issensem
1854 272 2027 321 Julium
2055 274 2281 321 doctiores
2307 290 2486 337 quoque

185 371 412 420 veterum,
451 377 565 422 quos
604 359 868 405 scholiastes
901 358 1032 404 Serv.
1069 359 1126 402 ad
1165 375 1208 403 v.
1238 358 1306 404 48
1349 366 1450 405 ante
1483 359 1639 405 oculos
1670 359 1855 417 hahuit,
1885 360 2213 407 intellexerunt.
2273 361 2337 406 Et
2367 362 2486 410 illius

185 448 363 507 quidem
396 454 592 492 cometae
625 460 756 489 causa
787 443 991 504 splendet
1020 443 1137 503 apud
1166 444 1420 487 Ausonium
1453 445 1534 489 ecl.
1566 445 1622 489 de
1652 460 1792 492 mens.
1823 445 1911 492 15:

893 530 1103 575 Dionaeo
1133 528 1417 591 praefulgens
1445 529 1597 575 Julius
1628 538 1765 576 astro.

184 617 346 662 Mes-eis
378 617 553 660 initium
586 616 704 674 capit
734 615 790 659 ab
821 615 993 660 hordeo
1026 617 1146 660 circa
1177 615 1294 660 diem
1326 615 1635 674 solstitialem,
1666 617 1914 678 ceterisque
1946 617 2150 677 frugibus
2182 633 2261 676 per
2291 633 2485 664 mensem

182 704 356 747 Julium
404 702 690 746 continuatur
729 699 814 745 Ge.
845 701 898 757 1,
938 699 1053 745 516.
1115 700 1279 760 Seqes,
1324 700 1593 747 frumentum
1633 711 1805 758 satum,
1846 702 1918 747 vel
1958 704 2106 762 potius
2148 704 2401 763 antiquiore
2442 706 2487 747 vi

185 787 395 848 agricolis
426 788 589 830 usitata
630 801 740 845 aqer
780 791 930 841 satus,
971 793 1020 829 ut
1050 787 1098 830 in
1128 786 1315 830 vetustis
1346 786 1552 831 versibus
1584 788 1700 845 apud
1731 787 1999 834 Ciceronem
2031 788 2168 834 Tusc.
2201 788 2281 846 11,
2311 787 2365 832 ὃς
2407 791 2488 833 etsi

187 879 375 932 segetem
399 878 501 917 sunt
526 875 572 916 ἰη
597 873 859 919 deteriorem
885 872 1020 914 datae
1041 869 1223 931 fraqast,
1254 877 1298 914 et
1323 871 1439 929 apud
1465 871 1687 917 Catonem
1715 872 1806 917 57:
1837 880 2023 932 seqetem
2048 879 2298 919 stercorant
2318 872 2487 933 frages.

182 958 311 1001 Julio
355 963 542 1000 exeunte
579 972 691 1001 uvae
736 963 935 1000 maturae
977 956 1174 1000 colorem
1216 955 1411 1013 ducunt,
1450 958 1710 1019 praesertim
1757 959 1806 1002 in
1853 957 2045 1005 collibus
2085 959 2249 1018 apricis
2299 958 2385 1018 (cf.
2432 958 2487 1002 ad

186 1043 272 1086 Ge.
303 1043 377 1099 11,
427 1040 582 1099 598.).
643 1041 827 1102 Virgilii
877 1041 1032 1100 Copae
1073 1058 1116 1086 v-
1155 1041 1217 1086 21
1264 1041 1423 1086 diebus
1465 1043 1791 1087 canicularibus
1827 1045 1918 1103 jam
1971 1060 2082 1089 uvae
2134 1052 2238 1090 sunt
2286 1051 2487 1089 maturae

185 1143 284 1170 cum
315 1129 478 1184 moris,
519 1127 798 1185 melonibus,
837 1128 993 1186 prunis
1034 1128 1190 1171 cereis.
1252 1127 1326 1172 Cf.
1368 1128 1499 1171 etiam
1531 1127 1810 1174 Columellae
1842 1144 2021 1174 carmen
2052 1130 2264 1174 hon-tense
2296 1146 2338 1174 v.
2370 1127 2486 1174 400.

184 1211 359 1258 Ducere
390 1213 607 1267 colorem,
641 1213 695 1256 de
728 1212 881 1256 colore
913 1213 1177 1271 incipiente,
1207 1213 1349 1257 utitur
1379 1213 1570 1258 Ovidius
1600 1213 1711 1258 Met.
1743 1214 1848 1272 111,
1879 1214 1993 1261 484.

669 1321 726 1329 —-
760 1321 817 1330 -—-
849 1304 899 1341 ut
928 1297 1066 1340 variis
1098 1298 1215 1341 solet
1244 1313 1330 1341 uva
1362 1298 1549 1342 racemis

667 1381 847 1427 Ducere
877 1398 1146 1441 purpureum
1178 1382 1374 1427 nondum
1405 1390 1577 1427 matura
1610 1385 1822 1429 colorem.

304 1467 415 1511 Pari
446 1467 773 1527 significatione
804 1468 970 1512 Juven.
1001 1467 1080 1525 11,
1111 1467 1172 1513 81
1210 1467 1341 1512 dicit:
1388 1481 1479 1513 twa
1511 1468 1696 1513 livorem
1727 1471 1874 1528 ducit,
1912 1470 2034 1529 quod
2064 1469 2328 1515 scholiastes
2360 1472 2489 1514 varia

179 1553 235 1612 fit
270 1553 613 1611 interpretatur,
653 1560 698 1596 et
736 1553 1004 1611 Propertius
1045 1552 1142 1610 lv,
1180 1552 1241 1609 2,
1283 1551 1371 1598 15:
1412 1554 1562 1596 variat
1604 1550 1839 1597 liventibus
1875 1567 1961 1595 uva
1994 1553 2195 1597 racemis.
2254 1549 2486 1599 Palladius

182 1638 286 1694 111,
326 1636 408 1683 29.
437 1636 588 1695 VIII,
627 1636 688 1694 5,
718 1636 813 1695 IX,
844 1637 897 1682 6:
928 1638 1070 1683 malus
1112 1653 1316 1699 quoque,
1356 1638 1528 1699 inquit,
1566 1653 1718 1683 mense
1748 1636 1878 1682 «Iulio
1912 1638 2018 1680 locis
2050 1636 2242 1684 humidi-⁹
2271 1649 2485 1695 prospere

182 1725 405 1767 inseritur.
466 1721 682 1783 Plerique
712 1729 860 1768 tamen
889 1725 1035 1783 pirum
1065 1739 1216 1770 mense
1250 1723 1412 1768 Sextili
1441 1725 1658 1769 inserunt.
1682 1745 1687 1749 ¹
1718 1723 2082 1780 Meminerimus,
2113 1721 2254 1768 solum
2284 1720 2488 1769 Mantua-

183 1824 288 1852 num
319 1807 479 1852 Mincii
520 1807 754 1867 paludibus
795 1809 993 1870 irrigari.
1052 1810 1206 1855 Etiam
1238 1809 1357 1855 Cato
1386 1808 1504 1856 XLI
1544 1808 1693 1867 (Plin.
1725 1808 1895 1865 XVII,
1929 1808 2024 1866 24)
2068 1808 2204 1853 inseri
2227 1806 2362 1866 jubet
2389 1807 2488 1865 pir!

183 1909 236 1936 ac
255 1892 369 1935 mala
388 1898 491 1950 post
514 1892 754 1937 solstitium
778 1894 937 1938 diebus
963 1895 1298 1956 quinquaginta.
1342 1894 1568 1951 laser-ere,
1599 1893 1721 1953 quod
1745 1894 1924 1952 proprie
1956 1892 2220 1938 inseminare
2244 1889 2488 1949 significat,

187 1984 257 2021 est
310 1976 497 2021 verbum
550 1978 761 2022 usitatum
806 1980 1076 2024 rusticorum
1125 1980 1179 2025 de
1225 1979 1515 2025 immittendis
1562 1978 1752 2024 surculis
1796 1977 2051 2038 generosis,
2097 1990 2364 2036 quamquam
2404 1990 2487 2035 pro

186 2062 503 2107 sententiarum
552 2069 763 2108 contextu
804 2064 859 2108 de
906 2065 1066 2125 quovis
1105 2065 1194 2110 alio
1236 2048 1369 2110 etiam
1410 2062 1706 2110 inseminandi
1750 2078 1915 2123 genere
1955 2062 2045 2109 dici
2087 2068 2249 2121 potest.
2312 2059 2408 2106 Sed
2436 2067 2487 2106 ut

185 2148 409 2203 inserere,
442 2147 566 2208 quod
596 2164 739 2210 nego,
771 2150 1032 2209 simpliciter
1053 2151 1271 2211 plantam
1302 2157 1348 2195 et
1376 2163 1525 2196 serere
1557 2148 1803 2209 significet3
1845 2146 2057 2209 quidnam·
2088 2145 2174 2190 hoc
2206 2153 2350 2195 esset:
2389 2160 2487 2190 sere

183 2232 384 2291 pirorum
424 2248 589 2294 grana,
626 2242 679 2279 ut
719 2234 824 2280 olim
866 2234 1052 2282 arbores
1093 2236 1334 2298 frugiferae
1374 2236 1486 2281 fiant
1515 2233 1775 2295 nepotibus!
1838 2234 1916 2281 An
1956 2247 2071 2292 qnae
2116 2245 2211 2281 non
2251 2231 2487 2291 degenera-

185 2317 301 2374 rint,
331 2332 468 2378 quum
498 2318 699 2380 alioquin
730 2335 755 2364 e
786 2322 938 2381 granis
971 2321 1218 2366 deteriores
1249 2320 1524 2369 reddantur?
1555 2319 1641 2365 Ge.
1671 2319 1750 2379 11,
1780 2317 1863 2364 59.
1907 2317 2090 2376 Quanto
2120 2316 2308 2365 fortius:
2338 2315 2489 2364 insere

189 2417 307 2446 nune
333 2403 484 2462 piros,
513 2404 720 2465 Daphni!
753 2406 938 2468 benigni
963 2407 1095 2468 hujus
1121 2407 1281 2452 sideris
1312 2408 1380 2452 vis
1406 2413 1532 2451 tanto
1565 2421 1640 2450 eas
1671 2404 1837 2450 robore
1873 2403 2081 2464 augebit,
2111 2411 2161 2450 ut
2183 2417 2313 2461 poma
2338 2416 2491 2446 earum

186 2504 279 2531 non
320 2488 463 2533 solum
504 2491 587 2535 abs
625 2500 696 2550 te,
736 2493 816 2537 sed
857 2494 989 2538 etiam
1022 2510 1047 2537 a
1078 2501 1185 2538 nato
1226 2498 1476 2553 nepoteque
1508 2491 1686 2550 decerpi
1716 2490 1913 2548 possint!
1974 2487 2095 2537 Nam
2124 2503 2276 2547 pacem
2308 2502 2489 2547 quoque

188 2573 365 2632 (secum
385 2576 580 2636 cogitat)
601 2577 730 2623 divus
759 2577 930 2624 Caesar
961 2579 1016 2624 de
1048 2579 1177 2625 stella
1208 2594 1289 2623 sua
1320 2578 1523 2623 demittet
1553 2593 1596 2622 v.
1627 2576 1687 2621 61
1705 2606 1722 2634 ,
1752 2591 1895 2635 neque
1929 2575 2112 2622 advenis
2143 2589 2276 2633 agros
2307 2579 2490 2619 nostros

187 2665 279 2704 tam
308 2659 425 2706 bene
456 2661 601 2708 cultos
632 2678 731 2709 esse
761 2665 955 2724 patietur
984 2665 1036 2723 1,
1072 2664 1139 2711 75
1169 2688 1226 2700 -
1263 2663 1340 2709 74.

310 2743 372 2791 V.
406 2744 468 2794 51
515 2771 572 2786 -··
614 2746 696 2796 55.
756 2748 1020 2809 Interpellat
1065 2749 1139 2796 bic
1184 2748 1357 2795 Moeris
1405 2761 1584 2794 carmen
1627 2745 1911 2805 inchoatum3
1960 2752 2184 2792 senectute
2232 2743 2491 2791 memoriam

191 2843 316 2874 suam
347 2831 643 2893 deminutam,
672 2848 830 2885 vocem
861 2837 1003 2896 ipsam
1030 2837 1226 2896 perisse;
1259 2834 1338 2880 sed
1364 2840 1512 2879 tamen
1527 2832 1780 2879 Menalcam
1805 2834 1966 2893 ipsum,
1996 2832 2050 2877 de
2078 2831 2234 2877 exsilio
2267 2829 2494 2887 reducem,

192 2914 414 2974 integrum
470 2933 601 2978 saepe
658 2936 838 2967 carmen
890 2922 1191 2967 recitaturum.
1256 2919 1418 2968 omnia
1469 2919 1563 2978 sert
1606 2925 1755 2977 aetas,
1811 2917 2097 2977 proverbium
2153 2917 2249 2960 suit.
2325 2914 2492 2969 Ferre,
