2679 3396
1317 140 1384 183 ¹0

192 275 390 318 501111-
411 270 594 316 Nomen
618 278 781 333 poetae
810 273 959 316 minus
991 272 1159 316 clarum
1182 271 1380 331 Lycidas
1406 272 1493 317 sibi
1525 275 1621 332 ipse
1654 272 1838 331 tribuit,
1868 273 2159 327 illustriorem
2180 280 2296 322 vatis
2321 279 2497 322 titulum

191 359 392 403 modeste
434 357 717 417 deprecatur:
763 365 814 401 ut
852 355 1124 402 Simichidas
1155 356 1454 402 Theocriteus
1485 357 1718 402 Musarum
1750 358 1930 419 quidem
1961 375 2253 421 praeconem,
2297 363 2377 408 sed
2407 380 2499 408 nou

188 459 327 487 unum
353 446 837 503 praestantissimorum
864 449 1103 502 poetaram
1133 458 1182 487 se
1208 443 1423 501 appellari
1451 443 1561 487 vult.
1613 442 1748 487 Vates
1779 458 1806 487 a
1837 452 2014 489 vetusto
2046 445 2325 492 Graecorum
2356 449 2496 494 verbo

188 535 287 589 ήτης
323 544 403 587 pro
437 533 584 589 φῆτης,
619 528 799 586 proprie
841 527 927 572 fuit
968 527 1242 572 carminibus
1281 528 1476 572 fatidicis
1518 528 1744 586 initiatus,
1793 536 1844 573 nt
1885 529 1996 573 clari
2035 532 2314 591 antiquitatis
2354 534 2497 579 bardi.

187 615 367 658 Auctor
406 613 596 672 dialogi,
638 613 717 672 qui
746 612 909 656 Tacito
950 629 1150 657 annexus
1190 621 1284 671 est,
1325 612 1524 657 Saleium
1563 612 1674 657 dicit
1714 614 1942 673 egregium
1974 621 2185 675 poetam,
2237 617 2310 662 vel
2340 618 2380 660 si
2410 618 2496 663 hoc

188 698 560 743 honorificentius
596 698 683 755 sit,
723 697 1127 756 praeclarissimum
1160 705 1321 743 vatem.
1382 698 1586 742 Eandem
1618 698 1927 758 gradationem
1959 714 2103 759 supra>
2134 703 2279 745 tenuit
2308 701 2497 761 Thyrsis

186 787 271 828 iste
304 785 482 828 inflatus
506 782 633 839 VII,
663 781 744 827 28.
789 782 1032 828 Translate
1063 783 1286 828 interdum
1319 783 1573 843 quicunque
1605 784 1693 827 arti
1722 783 1856 828 alicui
1888 785 2087 829 initiatus
2119 793 2241 845 erat,
2272 796 2321 830 ut
2350 786 2496 845 legum

188 871 401 928 peritiae,
433 876 479 913 et
509 868 783 925 medicinae,
815 875 940 913 vates
971 868 1217 913 dicebatur.

310 956 370 999 V.
401 953 470 999 55
502 978 556 987 —-
590 952 673 998 36.
734 953 878 997 Vates
909 960 959 998 ut
990 952 1180 1011 dicaris,
1212 960 1255 998 te
1287 962 1335 997 ut
1368 969 1515 997 acrem
1547 952 1762 1010 Varium,
1794 962 1843 998 ut
1875 954 2133 1015 diligentem
2166 953 2358 1001 Cinnam
2391 958 2497 1001 ceci·

189 1043 309 1085 nisse
352 1041 575 1085 convenit.
642 1037 780 1083 Vario
819 1056 901 1099 pro
945 1038 1150 1083 codicum
1191 1046 1404 1098 corrupto
1451 1037 1573 1083 Varo
1617 1039 1805 1085 Servius
1846 1047 1892 1084 et
1934 1040 2089 1086 801101,
2130 1041 2273 1102 Cruq.
2313 1042 2498 1086 Horatii

189 1125 278 1170 od.
309 1126 360 1182 1,
400 1125 433 1170 6
474 1126 704 1186 legerunt,
751 1124 1037 1184 nobilemque
1084 1124 1336 1183 Thyestae,
1382 1123 1639 1185 tragoediae
1685 1132 1790 1185 post
1833 1141 2026 1186 pugnam
2058 1126 2292 1171 Actiacam
2324 1127 2498 1184 editae,

190 1212 455 1270 scriptorem
498 1209 828 1254 intellexerunt.
900 1209 964 1253 Et
1000 1210 1244 1253 auctoritas
1285 1208 1559 1254 Theocritea
1598 1209 1725 1267 VII,
1763 1209 1859 1267 40,
1912 1217 1957 1254 et
1999 1212 2317 1255 sententiarum
2359 1213 2497 1256 series

189 1295 304 1338 duos
329 1294 560 1354 postulant
583 1301 757 1353 poetas,
789 1308 978 1353 quorum
1005 1294 1202 1336 carmina
1228 1309 1393 1353 cycnea
1413 1293 1611 1353 Lycidae
1633 1310 1657 1336 a
1677 1295 1851 1338 nemine
1878 1296 2062 1354 aequari
2087 1311 2217 1353 posse
2249 1296 2498 1339 videantur.

190 1381 284 1425 Sed
315 1381 515 1437 Varum,
547 1387 591 1422 et
621 1378 884 1423 bellatorem
918 1385 963 1421 et
991 1377 1331 1438 philosophum,
1371 1379 1503 1421 simul
1534 1385 1710 1437 poetam
1743 1379 1908 1436 fuisse,
1948 1396 2092 1440 neque
2124 1381 2172 1424 in
2202 1380 2286 1424 hac
2318 1381 2498 1440 ecloga,

188 1482 334 1526 neque
376 1467 424 1509 in
467 1472 615 1522 sexta,
657 1480 770 1525 quae
814 1465 907 1524 ejus
945 1463 1152 1508 laudibus
1194 1464 1341 1509 dicata
1382 1471 1450 1508 cst
1499 1472 1543 1507 et
1575 1463 1698 1508 Galli
1740 1465 1967 1523 ingenium
2001 1465 2200 1523 extollit,
2238 1466 2311 1509 vel
2356 1466 2496 1509 verbo

189 1551 482 1611 significatur.
543 1548 711 1592 Lucius
748 1548 937 1606 Varius,
978 1565 1112 1609 quem
1144 1548 1391 1606 Horatius,
1430 1549 1570 1608 ipsius
1600 1549 1858 1606 familiaris,
1900 1556 1951 1593 ut
1989 1557 2166 1608 poetam
2209 1551 2410 1609 epicum,
2451 1558 2500 1594 ut

187 1638 407 1697 tragicum
432 1635 738 1691 Quintilianus
770 1635 1101 1693 admirabatur,
1131 1636 1218 1680 nisi
1240 1635 1395 1681 Schol.
1416 1634 1559 1696 Cruq.
1579 1643 1725 1693 errat,
1756 1634 2027 1680 carminibus
2059 1635 2319 1694 altioribus,
2352 1653 2501 1696 quem-

190 1722 428 1766 admodum
468 1721 716 1780 Virgilius,
767 1721 1021 1780 proluserat
1074 1722 1269 1781 eclogis,
1325 1738 1437 1781 quas
1490 1721 1669 1781 quidem
1710 1720 1928 1781 Lycidam
1974 1721 2047 1765 vel
2105 1723 2292 1766 maxime
2349 1723 2497 1766 animo

188 1808 398 1853 habuisse
430 1806 556 1850 credi
586 1813 746 1865 potest.
792 1807 859 1851 At
890 1807 1056 1854 certius
1089 1815 1182 1865 est,
1212 1806 1403 1851 Varium
1435 1814 1528 1851 tum
1560 1807 1773 1865 temporis
1806 1822 1985 1851 carmen
2013 1805 2245 1851 heroicum
2274 1807 2497 1865 panxisse‚

188 1892 308 1937 unde
349 1891 614 1935 Macrobius
654 1890 749 1947 VI,
797 1891 856 1948 1,
900 1891 960 1950 2,
1007 1898 1201 1951 quatuor
1250 1890 1402 1935 laudat
1454 1891 1583 1935 locos
1638 1891 2074 1949 praestantissimos,
2120 1906 2235 1951 quos
2278 1891 2498 1951 Virgilius

190 1979 352 2037 partim
392 1984 550 2037 postea
592 1977 789 2021 imitatus
829 1985 924 2034 est,
964 1978 1126 2037 partim
1168 1993 1286 2025 anno
1328 1976 1533 2035 proximo
1571 1975 1672 2022 715
1713 1978 1761 2021 in
1793 1984 1997 2022 octavam
2029 1976 2229 2037 eclogam
2264 1993 2307 2022 v.
2341 1975 2409 2021 88
2439 1977 2499 2021 in·

192 2063 331 2108 duxit.
391 2062 466 2107 Ex
511 2063 805 2120 inscriptione
860 2085 873 2100 ·
896 2064 951 2108 de
996 2069 1164 2118 morte,
1189 2085 1201 2099 ·
1257 2071 1302 2107 et
1347 2061 1471 2123 quod
1514 2062 1765 2121 fragmenta
1811 2061 1867 2106 ad
1913 2077 1986 2107 res
2024 2060 2228 2122 publicas
2275 2067 2500 2122 spectant,

191 2163 372 2192 carmen
402 2147 541 2191 fuisse
574 2147 752 2192 videtur
783 2148 830 2191 in
859 2147 977 2192 «Iulii
1008 2148 1219 2194 Caesaris
1249 2155 1455 2192 mortem.
1517 2146 1707 2192 Varium
1740 2154 1912 2193 mature
1945 2146 2156 2193 Caesaris
2191 2153 2340 2206 partes
2382 2163 2500 2191 secu·

189 2241 285 2278 tum
319 2247 445 2289 esse,
477 2233 570 2292 jam
612 2232 716 2278 inde
757 2240 964 2292 apparet,
1004 2233 1127 2293 quod
1157 2233 1288 2277 brevi
1327 2239 1431 2291 post
1465 2231 1684 2292 proelium
1715 2232 2008 2293 Philippense
2038 2231 2262 2277 Horatius
2295 2230 2419 2290 (Sat.
2449 2232 2501 2288 1,

193 2317 253 2376 6,
283 2318 377 2377 55)
399 2316 457 2360 ab
479 2333 531 2361 eo
553 2325 596 2362 et
622 2316 819 2377 Virgilio
840 2317 1092 2364 Maecenati
1121 2317 1208 2363 fuit
1239 2317 1586 2363 commendatus.
1626 2316 1821 2382 Helvius
1844 2316 2006 2375 Cinna,
2037 2316 2326 2377 praenomine
2345 2315 2502 2376 Cajus,

192 2404 265 2450 vel
285 2403 511 2460 Quintus,
538 2403 708 2451 Catulli
738 2404 933 2460 amicuS,
965 2402 1236 2448 carminibus
1268 2403 1496 2448 amatoriis
1527 2409 1572 2446 et
1602 2404 1933 2462 epigrammatis
1963 2402 2130 2446 nobilis
2159 2402 2269 2460 fuit,
2298 2403 2501 2461 inprimis

192 2497 341 2535 autem
366 2490 591 2548 Smyrna,
622 2504 754 2548 opere
779 2488 966 2535 heroico
990 2503 1131 2548 usque
1156 2487 1212 2533 ad
1238 2486 1557 2533 obscuritatem
1590 2487 1796 2544 erudito,
1826 2488 1925 2545 cui,
1956 2487 2158 2548 quamvis
2187 2486 2354 2533 modici
2385 2494 2503 2530 esset

197 2574 411 2633 ambitus,
443 2591 605 2620 novem
631 2575 831 2634 integros
855 2590 999 2620 annos
1023 2573 1314 2632 impenderat.
1359 2573 1552 2619 Veteres
1574 2573 1851 2632 grammatici
1876 2589 1969 2618 non
2001 2573 2096 2617 sine
2126 2573 2329 2619 veritatis
2354 2573 2500 2631 specie

194 2660 402 2719 tradunt,
433 2662 490 2706 ad
521 2661 637 2706 hanc
671 2677 821 2707 curam
851 2660 933 2707 illo
965 2667 1166 2720 tempore
1197 2658 1443 2706 inauditam
1473 2658 1716 2709 Horatium
1747 2658 1899 2705 verbis
1931 2657 2043 2705 illis:
2075 2675 2241 2705 nonum
2268 2664 2503 2719 prematur

192 2748 241 2790 in
281 2761 447 2790 amum
489 2747 752 2806 respexisse.
811 2745 876 2793 Et
916 2745 1165 2794 Suetonius
1207 2749 1453 2802 memorat,
1494 2742 1763 2791 Crassitium
1803 2744 2139 2805 grammaticum
2182 2742 2500 2790 commentario

195 2831 419 2891 Smyrnae
449 2831 571 2876 edito
604 2833 717 2877 adeo
749 2831 1037 2889 inclaruisse,
1068 2838 1117 2876 ut
1147 2829 1352 2877 versibus
1382 2828 1716 2889 celebraretur,
1751 2829 2005 2891 multosque
2037 2845 2089 2874 ac
2122 2828 2325 2887 nobiles,
2353 2828 2401 2872 in
2431 2827 2504 2870 his

195 2917 369 2961 dulium
389 2917 665 2974 Antonium,
696 2917 945 2965 'triumviri
968 2916 1048 2974 R,
1077 2915 1210 2974 (nem
1238 2915 1436 2963 Romani
1465 2915 1688 2976 principes
1709 2914 2005 2961 eruditionem
2033 2913 2270 2974 colebant)
2302 2912 2501 2960 scholam
