2679 3396
1312 193 1350 237 21·

173 335 280 374 nec,
311 318 432 378 quod
462 319 652 378 Festus,
684 321 780 367 Cic.
813 323 898 381 leg.
932 322 1034 378 111,
1069 323 1161 379 10,
1199 331 1243 368 et
1273 321 1492 367 vocabula
1527 324 1774 383 negotium,
1821 322 2074 383 neqlc‘yene,
2122 325 2404 387 necopinatue
2435 335 2479 372 et

172 404 358 450 necdum
389 416 432 451 v.
461 404 555 463 26,
592 406 911 452 demonstrant.
971 406 1080 452 Hoc
1112 424 1190 454 nec
1220 415 1313 452 tres
1344 406 1512 452 habent
1541 407 1682 452 Hafn.
1714 408 1771 453 B.
1804 406 1858 453 C.
1890 407 1973 466 D.,
2007 415 2052 453 et
2082 407 2139 455 C.
2171 426 2270 457 cum
2302 409 2478 472 quihus-

169 487 273 533 dnm
305 488 405 534 aliis
437 497 581 534 vertat
614 491 720 535 bene
752 491 909 534 ordine
940 492 1085 535 minus
1117 492 1309 550 usitato,
1341 493 1418 552 qui
1451 499 1519 535 est
1551 493 1666 549 apud
1693 493 1955 537 Terentium
1982 493 2176 551 Adelph.
2203 497 2281 552 ΙΙ,
2313 497 2369 552 1,
2394 497 2477 539 57.

170 574 359 618 Phorm.
398 575 494 633 IV,
533 576 592 630 5,
637 575 725 631 73,
764 584 810 618 et
852 577 925 619 hic
965 593 1198 619 numerum
1240 579 1373 620 efficit
1402 580 1720 621 venustiorem.
1781 579 1980 633 Propter
2008 580 2203 634 priscum
2232 580 2474 625 verborum

170 660 374 703 ordinem
415 668 460 702 et
500 675 807 717 praegressum
848 668 997 704 versat
1040 663 1245 720 equidem
1287 668 1440 705 vortat.
1466 662 1594 720 lego,
1634 662 1681 704 in
1713 676 1801 719 quo
1834 660 2075 706 scribendo
2108 679 2238 721 saepe
2275 671 2473 708 erratum

168 751 248 787 est.
311 741 498 786 Mittere
530 745 558 786 i.
600 760 638 787 e.
681 745 825 800 ferre,
865 745 970 801 ΙΙΙ,
1014 746 1093 790 71.
1156 746 1310 790 Haedi
1345 748 1409 802 si,
1450 753 1499 789 ut
1538 746 1673 805 vulgo
1706 746 1779 802 V,
1820 744 1911 803 12,
1961 747 2202 804 primarum
2244 746 2470 791 frondium

166 836 367 885 tempore
411 828 519 871 editi
558 830 760 884 fuerant,
803 830 1000 874 solstitio
1035 831 1128 888 jam
1172 832 1340 875 aestivo
1376 830 1573 889 depulsi,
1617 831 1690 890 agi
1715 837 1936 888 poterant.
1999 830 2094 878 Sed
2129 829 2177 874 hi
2208 829 2325 889 duo,
2357 847 2469 891 quos

163 912 338 958 Moeris
362 920 537 972 gestat,
569 912 728 958 chordi
754 914 920 958 fuerint
951 930 1132 958 necesse
1164 922 1245 959 cst.

284 999 345 1042 V.
392 999 422 1042 7
467 1024 520 1031 -
565 997 645 1043 10.
721 999 877 1054 Quid?
939 999 1167 1042 dominum
1215 1007 1410 1043 vestrum
1455 1016 1551 1044 esse
1592 1000 1853 1058 expulsum?
1914 1002 1980 1045 At
2019 1000 2199 1045 hercule
2241 1001 2467 1045 audieram

159 1085 314 1129 nescio
348 1100 477 1144 quem
510 1100 565 1127 ex
595 1099 710 1143 pago
753 1091 905 1128 vestro
936 1092 1288 1142 asseverantem,
1318 1085 1568 1129 Menalcam
1600 1093 1824 1142 vestrum,
1847 1085 2057 1145 juvenem
2083 1086 2347 1144 Virgilium,
2389 1087 2467 1144 qui

158 1168 392 1212 Menalcae
425 1169 606 1211 nomine
637 1169 946 1212 mollissimum
977 1186 1117 1228 nuper
1147 1172 1194 1213 in
1220 1171 1472 1228 Daphnidis
1503 1178 1693 1214 mortem
1730 1170 2045 1214 modulabatur
2076 1187 2279 1227 carmen,
2320 1178 2463 1214 totum

156 1252 346 1295 fundum
389 1269 416 1296 a
451 1252 580 1296 collis
617 1253 730 1313 jugo
773 1270 913 1311 usque
956 1253 1011 1295 ad
1051 1253 1270 1297 Mincium
1311 1262 1573 1313 veteresque
1612 1256 1741 1313 fagos
1793 1263 1926 1299 cantu
1967 1254 2099 1299 vobis
2131 1271 2212 1298 suo
2246 1269 2461 1299 servasse.

154 1338 345 1381 Factum
378 1353 473 1381 esse
504 1338 682 1380 videtur
713 1354 803 1380 non
835 1339 930 1381 sine
959 1339 1181 1395 consilio,
1215 1339 1337 1397 quod
1373 1339 1593 1397 Virgilius
1625 1341 1743 1382 ruris
1775 1341 1948 1397 paterni
1979 1339 2090 1382 fines
2132 1339 2355 1383 hominem
2393 1338 2462 1381 de-

157 1423 426 1466 scribentem
453 1423 584 1478 facit,
626 1423 703 1481 qui
734 1438 944 1481 agrorum
975 1423 1225 1466 vicinorum
1248 1422 1412 1465 limites
1442 1422 1572 1480 plane
1599 1424 1789 1467 noverit.
1849 1422 1966 1466 Nam
1997 1422 2159 1466 fundus
2189 1429 2238 1466 ut
2268 1428 2385 1465 esset
2417 1422 2459 1464 ci

152 1508 412 1562 restitutus,
455 1507 568 1550 fines
608 1514 727 1550 certe
768 1507 968 1550 veterani
1008 1507 1222 1551 atrocitas
1265 1506 1510 1551 diminuere
1554 1508 1713 1566 potuit.
1785 1507 1976 1551 Veteres
2016 1507 2292 1566 grammatici
2332 1506 2456 1551 litem

150 1600 400 1637 memorant
441 1591 495 1635 de
537 1590 704 1635 finibus
746 1597 948 1635 exortam
991 1592 1110 1635 inter
1142 1591 1411 1651 Virgilium,
1453 1608 1588 1652 quum
1630 1591 1849 1635 divisores
1892 1592 2078 1635 fundum
2121 1593 2215 1651 ejus
2257 1592 2456 1635 nondum

146 1678 426 1736 attigissent,
456 1677 660 1735 interque
687 1677 917 1735 proximos
944 1677 1208 1721 colonorum
1235 1676 1581 1732 bellicosorum,
1612 1692 1803 1734 quorum
1833 1693 1985 1733 unum,
2014 1677 2194 1720 nomine
2226 1676 2454 1733 Clodium,

145 1780 243 1807 rem
269 1748 418 1822 gladio
449 1761 657 1805 dirimere
684 1768 944 1819 conantem,
975 1768 1108 1822 poeta
1135 1778 1267 1822 aegre
1291 1761 1509 1822 effugerit.
1560 1760 1740 1821 Virgilii
1764 1776 1858 1820 rus,
1883 1767 1933 1805 ut
1958 1761 1997 1806 Ι.
2033 1761 2133 1805 Eel.
2158 1777 2200 1805 v.
2225 1760 2292 1806 49
2309 1785 2366 1794 —-
2385 1760 2452 1805 58

146 1848 370 1903 ostendit,
409 1863 432 1889 e
463 1846 678 1904 lapidosis
709 1845 900 1890 saltuum
935 1847 1057 1906 jugis
1091 1847 1147 1890 ad
1178 1846 1338 1891 Mincii
1362 1846 1571 1904 palustris
1604 1848 1738 1905 inque
1768 1847 1913 1891 lacum
1945 1846 2094 1889 diffusi
2125 1854 2251 1905 prata
2289 1846 2453 1889 leniter

143 1930 489 1986 demittebatur,
534 1930 613 1974 uhi
644 1929 826 1976 alterius
858 1931 995 1976 vicini
1025 1930 1153 1976 limes
1193 1931 1297 1975 viva
1338 1945 1441 1990 sepe
1484 1918 1729 1992 salignea,
1754 1930 1963 1988 alterius,
2011 1937 2059 1974 ut
2099 1930 2212 1974 hinc.
2243 1937 2452 1989 apparet,

142 2018 361 2062 veteribus
404 2015 525 2076 faql‘s
568 2022 664 2059 erat
696 2015 966 2076 designatus.
1028 2016 1100 2061 De
1141 2016 1393 2074 posteriore
1434 2016 1601 2073 limite,
1639 2016 1786 2059 minus
1828 2022 1977 2072 certo,
2022 2016 2078 2058 lis
2117 2016 2309 2059 sortasse
2351 2022 2450 2057 orta

141 2104 191 2145 in
221 2117 354 2145 causa
384 2101 546 2155 fuerit,
576 2108 626 2142 ut
657 2099 823 2143 diserte
855 2100 950 2159 ejus
980 2101 1148 2144 mentio
1182 2101 1453 2159 injiceretur.
1483 2101 1580 2144 Alii
1628 2115 1761 2160 agros
1787 2101 2082 2144 terminabant
2118 2100 2203 2144 Ge.
2240 2100 2316 2155 ΙΙ,
2347 2098 2448 2141 589

139 2186 259 2244 pinis
287 2185 441 2229 ordine
466 2184 654 2242 positis,
685 2185 935 2242 cupressis,
980 2185 1112 2227 ulmis
1144 2185 1343 2240 maritis,
1388 2185 1520 2227 etiam
1561 2184 1696 2242 oleis,
1739 2190 1789 2228 ut
1819 2191 1887 2229 est
1917 2184 1965 2226 in
1995 2183 2094 2229 Cic.
2128 2198 2193 2228 or.
2223 2197 2305 2241 pro
2338 2181 2447 2226 Cae-

93 2310 96 2313 .
140 2271 264 2325 cina,
310 2277 354 2313 et
387 2267 500 2326 apud
532 2267 697 2312 Horat.
728 2268 815 2327 Ep.
846 2268 923 2325 Π,
955 2268 1014 2322 2,
1052 2267 1152 2313 170
1179 2269 1386 2327 populis,

936 2378 990 2385 -—
1024 2368 1111 2413 qua
1142 2353 1331 2412 populus
1364 2353 1507 2397 adsita
1539 2354 1672 2397 certis

818 2437 1062 2480 Limitibus
1107 2438 1254 2480 vicina
1301 2438 1466 2497 refugit
1505 2438 1656 2498 jurgia
1704 2463 1757 2470 —

135 2526 272 2588 Fagis
313 2526 402 2570 illis
444 2526 674 2568 cacumina
704 2525 809 2584 jam
846 2523 1000 2582 fracta
1040 2531 1191 2580 erant,
1230 2530 1450 2567 vetustate
1483 2532 1527 2567 et
1557 2523 1793 2583 procellis,
1835 2521 2196 2582 quandoquidem
2226 2522 2322 2565 avis
2347 2521 2441 2579 jam

135 2613 404 2672 proavisque
435 2610 601 2653 limites
633 2616 817 2653 testatae
846 2611 1039 2653 fuerant.
1086 2609 1366 2666 Pomponius
1392 2617 1436 2652 et
1460 2610 1707 2653 Ascensius
1738 2609 1784 2650 vi
1810 2623 1886 2652 eas
1910 2607 2065 2652 hostili
2086 2608 2231 2652 laesas
2255 2611 2438 2663 putant3

134 2705 182 2740 at
223 2696 439 2755 ejusmodi
478 2696 548 2737 vis
590 2711 672 2737 nec
712 2696 854 2753 prima
896 2694 1161 2737 abscidisset
1198 2695 1425 2737 cacumina
1456 2709 1540 2737 nec
1572 2693 1696 2750 sola,
1741 2700 1875 2752 atque
1907 2692 2103 2752 Lycidas
2132 2690 2319 2736 limitem
2351 2686 2440 2733 sibi

135 2782 280 2825 adhuc
320 2781 585 2823 incolumem
628 2779 772 2838 fingit.
833 2780 929 2823 Pro
970 2780 1200 2823 demittere
1241 2776 1382 2823 Hafn.
1413 2778 1473 2822 A.
1519 2784 1565 2822 et
1594 2776 1654 2822 D.
1686 2778 1908 2823 dimittere
1945 2776 2126 2837 legunt,
2168 2775 2247 2820 sed
2287 2773 2437 2819 cuncti

132 2876 301 2912 veteres
328 2865 488 2926 faqos,
521 2882 611 2910 non
635 2864 821 2925 vulgare
848 2863 969 2910 istud
988 2867 1156 2910 veteris
1183 2862 1295 2923 faqi.
1341 2863 1415 2908 Ex
1440 2870 1665 2919 nostrum,
1697 2861 1820 2923 quod
1846 2862 1946 2908 cdd.
1969 2876 2182 2922 persaepe
2207 2858 2435 2916 exhibent,

133 2968 236 2997 vera
268 2951 403 2996 lectio
437 2956 634 2995 vostrum
666 2950 786 2995 ultro
819 2949 1133 3009 proficiscitur.
1179 2948 1411 2993 Menalcae
1444 2949 1622 2993 nomine
1648 2955 1824 3007 poetam
1852 2949 2011 3007 ipsum,
2044 2947 2225 3004 eclogae
2252 2946 2431 3005 quintae
