2679 3396
478 574 1125 712 Explicatio
1202 571 1671 710 eclogae
1751 602 2151 674 nonae.

783 953 1847 1040 Argu,1nentum

1027 1121 1163 1163 Anno
1195 1119 1254 1164 U.
1288 1118 1413 1174 714,
1446 1124 1612 1162 aestate

174 1264 260 1333 Q
278 1261 735 1331 QQQEQEQ
757 1258 1234 1337 naamam„
1264 1255 1351 1326 Q
1369 1256 1724 1325 &samm
1742 1258 2260 1327 &QQEQEQNE
2281 1256 2470 1328 Φιέἔο

918 1408 1094 1467 Virqilii
1138 1410 1298 1452 aetatis
1345 1424 1386 1451 a.
1434 1408 1500 1451 29
1548 1433 1603 1440 ——
1655 1408 1735 1451 50.

176 1636 275 1702 Ad
299 1659 483 1716 primam
511 1657 709 1714 eclogam
736 1655 955 1710 vidimus,
985 1656 1032 1698 in
1058 1670 1267 1713 agrorum
1294 1655 1513 1699 divisione
1546 1670 1659 1713 quae
1692 1670 1808 1698 anno
1841 1656 2045 1712 proximo
2074 1656 2191 1698 sacta
2228 1663 2349 1712 erat,
2373 1655 2477 1699 Vir-

175 1751 329 1809 gilium
350 1748 540 1801 Romae,
566 1744 777 1787 Pollione
799 1751 843 1787 et
867 1743 1129 1787 Maecenate
1152 1743 1582 1800 commendantibus,
1610 1759 1635 1785 a
1656 1743 1851 1788 Caesare
1877 1743 2128 1788 Octaviano
2153 1744 2280 1787 fundi
2303 1746 2479 1802 paterni

175 1832 349 1878 Andini
389 1829 738 1874 incolumitatem
780 1829 1051 1887 impetrasse.
1114 1828 1221 1887 Ipso
1264 1835 1450 1872 excunte
1493 1844 1644 1871 mense
1686 1827 1881 1872 Octobri
1922 1828 2027 1871 anni
2071 1827 2191 1885 713,
2235 1828 2339 1872 dnm
2376 1837 2479 1888 post

175 1916 402 1961 Pollionis
434 1930 458 1958 e
488 1913 678 1958 Venetis
722 1912 965 1957 discessum
1008 1911 1242 1956 Mantuani
1285 1914 1406 1957 omni
1447 1913 1671 1972 praesidio
1718 1921 1874 1956 contra
1906 1921 2217 1957 veteranorum
2262 1915 2477 1973 impetum

177 2000 404 2056 destituti,
444 1998 555 2043 urhe
588 1996 839 2054 Cremona,
872 2013 984 2056 quae
1016 1997 1073 2039 iis
1105 1998 1327 2057 assignata
1360 2005 1480 2055 erat,
1513 1997 1676 2042 cedunt
1707 1997 1917 2058 bonaque
1949 2014 2026 2041 sua
2058 2004 2316 2056 asportant,
2355 1999 2479 2058 Tity-

176 2097 279 2142 rus,
335 2084 493 2127 domus
538 2082 829 2126 Maronianae
886 2081 1100 2139 libertus,
1156 2081 1296 2125 hoves
1344 2098 1448 2126 suos
1495 2083 1542 2126 in
1588 2082 1776 2126 saltibus
1822 2083 1979 2141 patriis
2027 2099 2207 2127 securus
2254 2083 2479 2141 pascebat.

301 2166 550 2226 Aliquanto
577 2173 680 2225 post
710 2165 909 2225 eclogam
941 2165 1088 2222 illam,
1120 2181 1251 2225 quam
1284 2165 1445 2211 absens
1473 2166 1736 2225 scripserat,
1774 2166 1994 2225 Virgilius
2025 2167 2163 2210 satius
2195 2183 2294 2212 esse
2326 2167 2478 2224 duxit,

178 2251 409 2297 heredium
436 2265 561 2293 suum
589 2250 645 2293 ab
671 2250 846 2309 injuriis
873 2265 1022 2293 coram
1046 2249 1297 2293 defendere.
1345 2249 1460 2295 Cum
1485 2250 1695 2295 Caesaris
1715 2251 1954 2295 Octaviani
1976 2252 2174 2308 decreto,
2207 2260 2298 2296 tum
2319 2267 2476 2296 eorum

177 2337 401 2398 praesidio
435 2330 714 2393 confidebat,
757 2350 871 2395 quos
903 2335 1020 2378 inter
1051 2350 1259 2394 agrorum
1293 2335 1635 2381 dividendorum
1668 2345 1898 2381 curatores
1930 2337 2016 2380 sibi
2048 2337 2333 2394 devinxerat,
2363 2336 2480 2381 Vari

179 2416 350 2466 tribuni
379 2421 593 2478 militum,
626 2427 671 2465 et
701 2419 907 2464 Cornelii
939 2419 1087 2476 Galli,
1120 2437 1311 2481 quocum
1349 2437 1404 2466 ex
1434 2437 1550 2467 anno
1578 2422 1670 2482 jam
1705 2421 1802 2467 712
1834 2439 1914 2481 per
1943 2422 2152 2466 Asinium
2195 2422 2479 2480 Pollionem,

182 2522 460 2552 communem
492 2507 705 2562 amicum,
741 2505 1006 2565 conjunctus
1037 2512 1146 2550 erat.

299 2591 509 2635 Frustra:
554 2590 753 2634 veterani
783 2589 1091 2649 superbientes
1123 2590 1225 2650 qui,
1257 2598 1470 2651 quantum
1499 2590 1693 2636 invalida
1736 2590 1879 2636 adhuc
1912 2593 2243 2637 triumvirorum
2279 2594 2481 2651 potentia

180 2689 262 2719 suo
294 2675 458 2720 auxilio
490 2673 736 2734 indigeret,
767 2673 875 2718 satis
906 2674 1222 2735 intelligerent,
1254 2691 1335 2719 nec
1367 2674 1579 2720 Caesaris
1601 2676 1775 2736 jussum
1802 2676 2017 2722 curabant
2041 2692 2333 2736 nec-eorum,
2366 2693 2479 2737 quos

182 2759 364 2817 negotio
396 2758 698 2815 praefecerat,
728 2758 1072 2801 admonitiones.
1133 2758 1319 2801 Mantua
1346 2775 1444 2802 cum
1476 2760 1611 2803 Ande
1654 2761 1893 2817 dividitur,
1931 2768 1975 2804 et
2005 2761 2227 2820 Virgilius
2259 2778 2349 2804 non
2381 2762 2478 2804 sine

184 2844 339 2899 capitis
370 2842 568 2901 periculo
600 2842 656 2885 ad
686 2843 835 2902 fugam
868 2850 1049 2886 coactus
1080 2850 1161 2887 est.
1219 2843 1358 2898 Quod
1389 2845 1568 2903 quidem
1599 2845 1764 2889 factum
1783 2845 1892 2890 'esse
1922 2844 2101 2890 videtur
2143 2853 2328 2891 exeunte
2373 2860 2480 2889 vere

184 2926 288 2969 anni
336 2926 459 2983 714,
507 2943 642 2986 quum
689 2928 771 2972 As,
833 2926 986 2972 Pollio
1033 2927 1140 2982 Cs.‚
1189 2929 1266 2988 qui
1311 2927 1431 2974 bello
1477 2930 1702 2977 Perusino
1753 2947 1888 2990 prope
1936 2934 2199 2979 Ravennam
2252 2931 2484 2977 restiterat

2209 3021 2236 3064 1
