2679 3396
183 291 396 343 miratur,
429 283 538 344 quid
570 285 654 342 sit,
684 283 807 344 quod
837 282 1038 342 Moeris,
1070 284 1238 329 amicus
1268 297 1401 342 suus,
1431 282 1608 328 villicus
1647 282 2039 343 diligentissimus,
2071 285 2120 328 in
2141 285 2482 332 urbemotiosus

184 371 393 417 ambulet.
464 369 695 414 Adverbia
735 369 989 428 germanica
1026 369 1175 413 wolu‘n
1215 376 1261 413 et
1300 370 1438 413 dalaia
1479 374 1688 413 constant
1729 383 1784 413 ex
1819 368 2006 428 syllabis
2036 369 2329 428 ancipitibus,
2366 385 2483 431 quae

182 473 265 517 pro
306 455 617 502 collocationis
656 461 701 498 et
740 455 973 514 gravitatis
1014 455 1273 500 diversitate
1315 462 1392 498 aut
1430 453 1738 511 producuntur
1768 461 1844 498 aut
1877 454 2194 512 corripiuntur.
2255 454 2397 500 Hafa.
2426 455 2484 502 C.

183 547 264 586 aut
294 557 379 599 quo
410 542 485 584 via
512 539 648 597 legit,
678 545 730 582 ut
759 539 828 585 ed.
859 539 976 585 Ven.
1037 541 1115 584 An
1145 541 1339 584 fortasse
1370 538 1580 582 librarius
1612 539 1737 582 haud
1766 538 1910 582 voluit
1940 554 2022 595 pro
2057 538 2236 582 nonne?

301 625 362 668 V.
392 623 425 667 2
457 648 514 658 ·-—
548 622 595 668 6.
656 622 829 669 Moeris
848 624 851 628 ’
864 624 957 685 jam
996 625 1126 669 annis
1168 624 1427 683 provectior
1454 640 1497 668 v.
1532 622 1594 668 51
1631 639 1678 667 se
1708 629 1800 667 tam
1833 622 1908 667 diu
1939 623 2105 668 vixisse
2134 623 2399 680 miseratur,
2437 632 2486 668 ut

184 709 412 753 dominum
443 707 499 752 ab
523 707 693 754 advena
719 708 906 768 ejectum
933 709 1109 755 videret
1135 723 1408 771 gregumque
1433 713 1699 766 proventum
1730 707 1825 766 ipse
1856 706 1923 751 illi
1953 708 2000 752 in
2030 707 2189 752 urbem
2212 706 2332 753 ferre
2358 724 2486 769 coge·

184 800 321 838 retur.
387 790 599 838 Villicum
636 791 803 839 Colum
813 792 898 839 ella
938 806 1117 844 servum
1150 809 1247 840 esse
1283 793 1438 854 jubet,
1478 809 1505 838 a
1538 792 1728 853 pueritia
1767 792 1946 839 rusticis
1996 792 2206 853 operibus
2253 792 2487 840 educatum

185 883 539 936 spectatumque,
579 879 737 922 aetatis
778 894 861 922 nec
902 880 1098 937 primae,
1139 894 1221 923 nce
1261 879 1469 936 ultimae,
1507 879 1698 922 maxime
1742 877 1798 920 ab
1841 892 1956 921 anno
1994 878 2227 939 trigesimo
2257 893 2401 938 usque
2431 879 2487 921 ad

186 962 529 1020 sexagesimum,
568 961 812 1005 litteratum
870 969 946 1006 aut
988 969 1110 1008 certe
1149 964 1391 1007 memoriae
1431 964 1765 1020 tenacissimae,
1811 978 1957 1022 neque
1995 963 2151 1006 urbem
2192 979 2338 1024 neque
2376 963 2490 1007 ullas

185 1046 406 1089 nundinas
449 1046 538 1091 nisi
581 1046 840 1091 vendendae
886 1054 963 1090 aut
1009 1048 1219 1091 emendae
1264 1048 1333 1091 rei
1380 1048 1658 1091 necessariae
1706 1062 1838 1090 causa
1880 1047 2235 1105 frequentantem
2250 1079 2266 1104 ,
2316 1048 2489 1105 lenem,

185 1128 390 1187 fidelem,
428 1136 671 1186 attentum,
713 1146 739 1173 a
781 1131 1096 1189 superstitione
1137 1130 1342 1176 liberum.
1409 1130 1511 1174 Vim·
1546 1131 1857 1190 pervenimus,
1902 1137 1952 1174 ut
1994 1155 2050 1162 —-
2084 1131 2114 1174 i.
2146 1147 2185 1173 e.
2226 1145 2306 1186 eo,
2347 1147 2488 1191 usque

187 1229 268 1270 eo,
299 1214 356 1257 ad
385 1215 495 1271 ista,
525 1221 575 1258 ut
606 1239 678 1259 --.
707 1215 969 1258 Bur-manno
999 1230 1050 1259 eo
1081 1215 1294 1259 omissum
1336 1214 1490 1258 durius
1531 1229 1628 1257 esse
1671 1214 1872 1271 videtur3
1917 1220 2068 1268 recte,
2113 1215 2151 1257 si
2183 1216 2406 1269 venimus,
2440 1222 2490 1260 ut

186 1298 422 1355 legeretur.
483 1298 737 1342 Veteranus
778 1299 850 1342 cui
881 1299 1066 1356 Virgilii
1108 1299 1272 1343 fundus
1313 1299 1361 1342 in
1401 1298 1655 1356 portionem
1694 1304 1916 1353 cesserat,
1961 1305 2109 1340 utrum
2153 1297 2325 1341 advena
2355 1298 2492 1342 fuerit

188 1381 278 1425 illis
307 1388 478 1426 tantum
509 1382 556 1425 in
586 1383 731 1442 agris,
764 1399 820 1427 an
850 1384 897 1427 in
927 1383 1060 1427 Italia
1090 1384 1211 1442 ipsa,
1231 1390 1389 1428 utrum
1420 1383 1585 1426 Arrius
1615 1382 1846 1438 centurio,
1887 1398 1945 1425 an
1985 1381 2200 1440 Clodius,
2242 1400 2373 1443 quem
2414 1383 2492 1428 alii

188 1466 382 1511 vicinum
420 1466 555 1511 modo
596 1483 693 1512 esse
733 1474 956 1524 statuunt,
1000 1485 1057 1512 an
1086 1466 1298 1513 Milienus
1330 1467 1458 1513 Toro
1492 1465 1803 1526 primipilaris3
1849 1483 1931 1511 nec
1970 1473 2120 1525 potest
2162 1466 2368 1524 decerni,
2407 1484 2489 1513 nec

190 1551 227 1594 si
251 1557 428 1610 posset,
458 1551 644 1596 multum
668 1552 891 1596 attineret.
936 1551 1098 1596 Nostri
1127 1552 1283 1612 agelli,
1313 1559 1363 1597 ut
1388 1568 1430 1597 v.
1458 1550 1537 1596 11.
1569 1551 1766 1595 earmina
1796 1556 1949 1595 nostra
1959 1583 1977 1606 ,
2010 1557 2078 1595 est
2110 1552 2255 1595 oratio
2289 1552 2490 1598 caritatis

190 1636 402 1679 sincerae.
432 1636 488 1679 cf.
519 1636 567 1692 I,
597 1635 644 1680 8.
705 1635 779 1678 Ex
810 1643 1034 1680 commoto
1067 1638 1216 1681 animo
1248 1636 1451 1696 profecta
1480 1634 1721 1680 verborum
1755 1635 1979 1692 inversio,
2019 1650 2133 1695 quae
2165 1635 2280 1694 apud
2309 1643 2490 1695 poetam

188 1720 333 1778 ipsum
363 1720 507 1779 major
531 1719 663 1763 etiam
689 1725 782 1776 est,
813 1734 945 1779 quam
976 1720 1023 1764 in
1049 1727 1204 1765 nostra
1229 1720 1502 1778 imitatione,
1533 1719 1862 1779 pronuntianda
1888 1726 1955 1764 est
1984 1720 2219 1764 concitate.
2268 1718 2490 1766 Lectores

189 1804 368 1863 frigidi,
424 1804 495 1848 vel
533 1804 645 1847 adeo
688 1804 1034 1862 calumniantes,
1076 1821 1189 1865 quae
1242 1804 1358 1864 apud
1406 1804 1660 1849 Homerum
1701 1811 1746 1848 et
1790 1804 2033 1864 Virgilium
2080 1804 2280 1862 profecta
2321 1813 2426 1850 sunt
2467 1821 2490 1848 e

189 1896 372 1945 natura,
412 1905 464 1932 ea
492 1904 600 1932 suae
635 1895 825 1933 naturae
850 1892 1081 1949 pravitate
1119 1891 1401 1950 detorquent.
1455 1890 1583 1934 Haec
1614 1904 1712 1933 mea
1744 1890 1875 1933 sunt!
1936 1889 2149 1932 solemnis
2180 1889 2264 1932 fuit
2297 1890 2492 1933 vindica·

188 1973 325 2017 tionis
353 1973 560 2018 formula.
622 1973 817 2018 Gelonus
847 1975 921 2019 hic
961 1976 1206 2035 generatim
1246 1990 1328 2034 pro
1370 1990 1579 2036 agrorum
1626 1974 1797 2019 cultore
1837 1990 1863 2017 a
1904 1975 2111 2028 colendo,
2153 1975 2268 2017 sicut
2307 1981 2492 2019 auctore

190 2056 365 2104 Catone
394 2066 569 2104 veteres
600 2059 796 2104 Romani
825 2061 970 2105 virum
995 2061 1163 2105 bonum
1194 2077 1293 2105 cum
1323 2060 1581 2117 laudabant,
1612 2059 1780 2104 bonum
1807 2060 2047 2119 agricolam
2072 2058 2282 2103 dicebant
2308 2058 2490 2103 bonum·

190 2159 275 2201 que
307 2143 530 2189 colonum.
596 2144 776 2189 Veteres
805 2147 975 2201 coloni,
1006 2154 1133 2204 pater
1163 2153 1207 2189 et
1237 2146 1346 2203 filii3
1388 2161 1489 2188 nam
1519 2145 1732 2188 familiam
1764 2162 1863 2188 cum
1899 2145 2020 2187 omni
2055 2144 2330 2202 supellectile
2360 2143 2487 2187 miles

191 2226 279 2270 sihi
308 2227 534 2271 vindicare
559 2229 758 2287 solebat,
798 2230 850 2287 1,
882 2229 961 2275 11.
1022 2230 1205 2274 Donato
1249 2236 1362 2274 teste
1400 2230 1478 2273 vit.
1512 2229 1641 2287 Virg.
1684 2228 1766 2272 25.
1828 2227 2047 2287 Virgilius
2082 2227 2176 2285 jam
2209 2228 2492 2283 adoleverat,
2534 2268 2540 2272 .

191 2326 297 2355 cumv
320 2311 603 2370 parentibuS,
642 2313 805 2373 quibus
843 2314 968 2374 larga
1009 2314 1248 2374 quotannis
1290 2328 1473 2358 munera
1504 2312 1712 2369 miserat,
1743 2313 1940 2370 privatus
1974 2320 2053 2356 est.
2117 2313 2268 2373 Atque
2301 2327 2356 2355 ex
2386 2311 2489 2370 ΧΨ

191 2394 525 2440 Catalectorum
556 2397 777 2455 carmine,
808 2398 929 2458 quod
960 2413 1093 2457 supra
1123 2398 1221 2457 vl,
1260 2397 1323 2443 51
1359 2397 1613 2455 attulimus,
1654 2397 1934 2440 manifestum
1975 2396 2052 2454 fit,
2091 2396 2331 2456 Virgilium
2372 2398 2492 2440 inter

192 2493 401 2538 agrorum
441 2481 782 2526 dividendorum
824 2482 979 2526 turbas
1020 2498 1118 2529 cum
1159 2484 1276 2539 suis,
1316 2483 1364 2526 in
1403 2481 1566 2543 quibus
1605 2490 1731 2540 pater
1768 2481 1877 2538 fuit,
1908 2482 1955 2524 in
1986 2481 2177 2540 Syr-ouis
2210 2479 2493 2539 philosophi,

191 2564 493 2621 praeceptoris
533 2566 757 2624 quondam
799 2567 895 2623 sui,
934 2567 1086 2611 villam
1127 2566 1427 2610 suburbanam
1469 2566 1641 2623 (Phoc.
1680 2582 1722 2608 v.
1764 2566 1856 2623 65)
1901 2566 2169 2624 confugisse.
2239 2565 2491 2609 Fortunam

192 2654 395 2706 accusat,
436 2664 528 2693 non
569 2665 674 2706 eoa,
715 2651 792 2710 qui
834 2666 933 2694 cum
974 2659 1194 2710 potestate
1227 2658 1342 2696 sunt.
1376 2652 1433 2696 cf.
1463 2651 1561 2708 VI,
1594 2650 1676 2695 20.
1736 2650 1852 2695 Fors
1885 2666 1963 2694 seu
1995 2650 2197 2694 Fortuna
2228 2649 2376 2706 Flu-s,
2408 2650 2491 2695 dea

191 2732 314 2778 caeci
348 2748 504 2791 casus,
543 2732 679 2779 ovid.
721 2735 842 2781 Fast.
883 2736 984 2792 VI,
1022 2736 1135 2781 ⁶773.
1195 2736 1397 2783 Fortuna
1436 2743 1612 2794 versat,
1653 2736 1769 2794 regit
1803 2736 1978 2792 omnia,
2026 2736 2071 2778 in
2103 2734 2348 2793 proverbio
2378 2733 2491 2789 suit,

193 2814 376 2864 Sallust.
407 2817 516 2880 Jug.
547 2818 598 2877 1,
638 2818 718 2866 51.
779 2820 896 2866 Tres
927 2819 1065 2868 Earn.
1108 2822 1167 2866 A.
1199 2819 1254 2867 C.
1285 2822 1345 2866 1).
1377 2836 1474 2866 sors
1513 2820 1705 2879 babent,
1746 2822 1901 2866 vitium
1942 2819 2215 2879 scriptionis.
2274 2819 2370 2865 Pro
2402 2832 2492 2864 non

192 2907 366 2947 veteres
406 2919 497 2949 non
543 2903 678 2950 modo
722 2920 777 2951 ne
825 2905 1057 2962 dixerunt,
1117 2906 1194 2952 sed
1236 2907 1395 2967 spiritu
1436 2913 1566 2953 aucto
1610 2907 1684 2965 (ut
1716 2922 1831 2968 pro,
1870 2904 2015 2966 prob,
2056 2902 2315 2966 proximus)
2356 2902 2491 2950 etiam

2182 2992 2208 3034 1
2227 2990 2248 3012 ⁸
