2679 3396
1282 186 1405 260 ΔΞ·-

179 328 335 383 Pura,
375 325 608 384 innubila,
649 334 697 370 ut
735 340 850 370 nova
883 324 1034 379 stella,
1079 322 1214 382 cujus*
1237 332 1417 366 carmen
1447 322 1719 365 mentionem
1761 323 1894 380 fecit,
1934 325 2055 371 clara
2086 329 2134 371 in
2165 330 2293 375 coelo
2324 331 2494 389 conspi-

183 419 371 459 ceretur.
420 411 640 468 Numeri,
672 418 820 454 motus
846 408 1097 463 dimensus,
1128 406 1410 462 modulatus,
1443 405 1517 449 hic
1544 404 1685 450 solius
1715 409 1868 466 vocis,
1899 417 1949 454 ut
1977 426 2030 454 ex
2057 416 2265 470 opposito
2297 424 2493 475 apparet.

300 497 363 540 V.
403 495 471 540 46
504 518 561 529 --
604 494 685 539 50.
745 493 919 536 Moeris
955 493 1115 535 ‘versus
1156 488 1330 550 aliquot
1376 491 1586 535 carminis
1632 492 1778 549 canit,
1826 495 1949 553 quod
1994 495 2215 556 Virgilius
2259 498 2492 544 Menalcae

180 583 361 627 nomine
398 582 492 641 jam
525 596 564 625 a.
598 577 697 624 710
732 578 779 622 in
809 577 927 622 Julii
959 576 1171 623 Caesaris
1202 573 1375 621 stellam
1407 587 1454 621 se
1485 574 1693 636 panxisse
1735 574 1999 638 profitetur,
2037 580 2117 625 ubi
2148 581 2354 626 fortunae
2386 583 2493 628 easi-

178 666 291 724 bns,
331 665 410 726 qui
450 671 603 723 postea
635 662 914 720 inciderunt,
955 660 1155 706 nondum
1190 661 1439 720 obnoxius,
1478 660 1654 723 integro
1688 669 1859 708 tantum
1891 663 2091 708 defuncti
2130 680 2282 710 amore
2319 668 2493 711 moveri

178 752 337 812 potuit.
402 750 586 810 Daphni
617 748 809 808 (nomen
841 754 910 794 est
934 747 1136 807 {pastoris
1166 747 1318 807 ficti),
1358 747 1467 808 quid
1498 748 1681 808 antiqua
1713 749 1860 793 sidera
1890 750 2112 809 suspicis?
2171 748 2305 795 Nova
2335 752 2490 810 stella,

177 835 424 881 clarissima
462 833 673 879 Caesaris
714 833 886 890 anima,
928 847 1107 875 cursum
1147 831 1272 875 illum
1314 831 1553 875 coelestem
1595 833 1798 891 ingressa
1839 841 1932 890 est,
1981 841 2031 878 ut
2071 833 2276 893 frugibus
2305 837 2488 881 maturi-

175 927 315 965 tatem
344 919 509 974 ferret,
541 918 639 962 uvis
671 915 899 973 colorem,
929 914 1168 960 arboribus
1198 914 1531 959 fecunditatem.
1595 914 1705 960 Non
1733 917 1876 961 multo
1906 924 2009 975 post
2037 917 2087 961 J.
2119 916 2329 962 Caesaris
2360 920 2490 964 inter·

174 1004 443 1060 fectionem,
474 1017 586 1062 quae
618 1001 777 1046 Idibus
802 1000 982 1045 Martiis
1011 998 1113 1045 710
1135 999 1323 1056 accidit,
1354 1013 1489 1059 quum
1517 999 1793 1044 Octavianus
1824 1000 1956 1045 heres
1986 1000 2118 1045 ludos
2152 1001 2209 1045 ab
2242 1001 2321 1046 illo
2353 1011 2486 1049 votos

175 1091 223 1134 in
254 1087 534 1133 dedicatione
577 1085 700 1131 aedis
741 1085 914 1130 Veneri
944 1084 1178 1131 Genetrici
1218 1084 1425 1129 conditae
1469 1084 1744 1143 celebraret,
1783 1101 1863 1145 per
1894 1092 2063 1145 septem
2108 1086 2203 1129 dies
2251 1088 2489 1132 continuos

175 1175 224 1218 in
252 1172 517 1234 regionibus
548 1172 665 1217 coeli
697 1186 834 1217 cauro
866 1171 1103 1232 subjectis,
1136 1170 1255 1214 circa
1286 1170 1563 1213 undecimam
1595 1169 1753 1214 horam
1777 1186 1938 1230 magna
1962 1172 2091 1215 stella
2117 1172 2277 1217 crinita
2307 1173 2490 1230 affulsit,

176 1274 305 1318 quam
350 1258 510 1318 vulg-us
552 1258 745 1301 animam
787 1272 884 1300 esse
916 1255 1126 1302 Caesaris
1166 1257 1214 1299 in
1255 1255 1429 1299 coelum
1461 1257 1628 1314 recepti
1661 1256 1851 1300 credidit
1882 1255 1966 1301 Ge.
1998 1257 2049 1314 1,
2080 1256 2173 1313 52,
2204 1255 2319 1302 488.
2381 1257 2487 1315 Quo

174 1341 353 1386 nomine
388 1340 665 1386 Octavianus
707 1340 942 1385 simulacro
976 1339 1187 1385 Caesaris
1219 1339 1393 1384 stellam
1426 1341 1474 1384 in
1504 1341 1672 1384 vertice
1704 1339 1903 1398 addidit,
1934 1347 1978 1385 et
2010 1340 2056 1384 in
2087 1340 2260 1400 proelio
2292 1342 2484 1386 Actiaco

174 1426 304 1487 hujus
345 1426 500 1471 stellae
544 1427 782 1486 imaginem
824 1426 871 1469 in
911 1425 1036 1485 galea
1077 1425 1270 1484 gestavit
1301 1425 1419 1469 Aen.
1450 1424 1601 1482 VIII,
1642 1424 1768 1482 681,
1809 1432 1943 1485 atque
1984 1426 2031 1468 in
2062 1428 2362 1469 monumentis
2394 1435 2484 1470 tam

172 1512 346 1570 paterni
388 1519 616 1567 cometae,
657 1527 788 1570 quam
831 1511 900 1553 sui
941 1509 1101 1553 sideris
1144 1509 1358 1565 natalitii,
1398 1525 1530 1568 quem
1563 1510 1873 1567 capricornum
1904 1510 2041 1553 fuisse
2072 1509 2392 1568 perhibebant,
2424 1511 2485 1554 in·

171 1597 288 1655 signi
320 1596 466 1640 cultus
500 1605 579 1640 est.
630 1595 796 1651 Dione,
829 1593 1003 1639 Oceani
1035 1602 1080 1638 et
1099 1593 1302 1654 Tethyos
1334 1594 1455 1651 filia,
1487 1610 1541 1639 ex
1572 1594 1765 1638 Homeri
1796 1592 1950 1638 fabula
1985 1601 2129 1638 mater
2159 1595 2248 1640 suit
2270 1594 2481 1652 Veneris,

171 1697 196 1723 a
237 1680 364 1741 cujus
409 1679 506 1724 filio
553 1680 707 1725 Aenea
755 1696 837 1739 per
881 1679 1038 1724 Julum
1090 1679 1238 1724 Julian
1262 1680 1431 1724 familia
1489 1680 1707 1740 originem
1756 1679 1881 1723 duxit
1932 1678 2005 1736 V,
2050 1679 2133 1724 44.
2193 1678 2484 1725 Posteriores

169 1766 346 1811 Diones
366 1780 531 1809 nomen
556 1765 640 1824 ipsi
660 1764 831 1809 Veneri
862 1764 1085 1810 interdum
1117 1764 1400 1823 indiderunt,
1432 1773 1481 1809 ut
1513 1765 1634 1809 Bion
1664 1765 1715 1822 1,
1747 1763 1838 1822 933
1872 1770 1917 1808 et
1948 1763 2169 1822 ovidius,
2200 1765 2278 1823 qui
2308 1765 2484 1810 fabulas

170 1850 369 1895 diversas
402 1849 691 1895 commiscere
723 1849 842 1894 solet
871 1851 980 1895 Am.
1011 1850 1063 1907 1,
1095 1849 1188 1907 14,
1218 1849 1287 1895 55
1317 1865 1415 1894 eam
1449 1850 1561 1895 adeo
1594 1851 1820 1894 Venerem
1851 1849 2034 1895 Dionen
2065 1856 2227 1907 vocat,
2256 1865 2369 1910 quae
2401 1851 2483 1909 (ex

170 1933 406 1992 Hesiodo)
439 1949 465 1976 e
506 1935 621 1976 mari
661 1942 863 1978 materno
907 1949 1079 1978 emersa
1121 1949 1221 1978 cum
1263 1935 1340 1978 illa
1371 1936 1524 1979 Dione
1572 1951 1627 1979 ne
1676 1935 1914 1994 conjuncta
1961 1934 2142 1994 quidem
2188 1942 2271 1979 est.
2328 1935 2483 1980 Julius

170 2018 340 2064 Caesar
380 2019 475 2077 ipse
508 2025 722 2078 quaestor
761 2034 842 2078 pro
886 2020 1048 2064 rostris
1077 2019 1251 2064 «Iuliam
1292 2020 1499 2077 amitam,
1540 2017 1679 2063 Marii
1708 2019 1893 2080 majoris
1924 2017 2184 2078 conjugem,
2230 2018 2482 2063 defunctam

168 2103 394 2160 laudavit,
434 2103 558 2162 quod
599 2110 803 2147 materno
847 2121 1009 2163 genere
1041 2122 1068 2149 a
1098 2120 1207 2164 rege
1235 2105 1371 2151 Anco
1399 2102 1607 2162 Marcio,
1635 2111 1823 2164 paterno
1856 2121 1883 2148 a
1913 2100 2095 2149 Venere
2128 2101 2317 2150 oriunda
2348 2110 2481 2149 esset.

167 2186 329 2232 Verba
367 2188 503 2248 igitur
544 2188 593 2231 in
624 2186 738 2233 banc
769 2190 1034 2234 sententiam
1067 2198 1192 2235 sunt:
1233 2205 1294 2235 ne
1331 2191 1531 2250 suspice,
1570 2189 1779 2249 Daphni,
1820 2190 2029 2249 antiquos
2061 2189 2291 2249 signorum
2322 2190 2477 2234 ortus!

166 2273 307 2333 Plus,
350 2289 483 2332 quam
524 2272 637 2318 baec
678 2273 984 2332 phaenomena
1024 2283 1126 2321 ante
1170 2274 1432 2335 observata,
1475 2291 1590 2337 quae
1620 2291 1693 2320 res
1724 2275 1943 2333 rusticas,
1982 2279 2293 2334 tempestates,
2324 2271 2479 2321 fertili·

166 2363 304 2402 tatem
333 2356 676 2418 significabant,
705 2356 838 2402 nobis
869 2359 1079 2419 agricolis
1110 2360 1158 2404 in
1187 2366 1417 2420 posterum
1447 2359 1616 2405 valebit
1645 2373 1762 2406 nova
1792 2360 1870 2404 illa
1902 2359 2056 2418 stella,
2098 2373 2214 2419 qnae
2248 2363 2298 2401 ut
2327 2357 2477 2415 sidus,

165 2449 217 2487 ut
253 2450 428 2487 astrum
472 2443 642 2503 (totum
682 2442 888 2504 signum)
930 2444 1148 2505 affulgens
1188 2460 1324 2491 eursu
1364 2461 1446 2491 suo
1489 2446 1710 2490 altissimo
1747 2446 1981 2505 processit.
2041 2444 2183 2490 Hafa.
2212 2442 2272 2488 D.
2313 2443 2475 2487 vitiose

160 2532 414 2587 praecenit.
475 2528 566 2573 Est
595 2529 710 2572 enim
743 2528 819 2573 illa
851 2530 1101 2587 destinata,
1140 2539 1214 2589 ut,
1251 2530 1623 2593 quemadmodum
1666 2546 1807 2588 nunc,
1848 2532 1910 2574 ita
1949 2531 1996 2573 in
2036 2536 2263 2589 posterum
2294 2544 2473 2588 quoque

166 2616 406 2672 quotannis
437 2614 709 2659 revertendo
735 2614 892 2675 frages
923 2622 1142 2674 maturet,
1174 2632 1282 2661 uvas
1309 2633 1549 2677 praecoces
1574 2618 1775 2674 coloret,
1798 2619 1926 2676 piros
1953 2616 2107 2659 insitae
2131 2620 2304 2675 augeat.
2351 2611 2473 2656 Men-

166 2714 291 2755 sem,
328 2716 419 2758 quo
458 2699 530 2744 hic
573 2708 749 2744 cometa
787 2702 1017 2760 apparuit,
1064 2703 1310 2762 scriptores
1352 2717 1446 2747 non
1476 2700 1643 2748 diserte
1673 2703 1865 2747 aflerant
1875 2729 1895 2757 ‚·
1930 2700 2017 2745 nisi
2048 2699 2171 2760 quod
2203 2714 2229 2743 e
2259 2698 2473 2757 proximis

161 2791 267 2843 post
299 2783 508 2828 Caesaris
545 2791 737 2829 mortem
768 2785 909 2831 fuisso
938 2795 1159 2833 narratur.
1220 2786 1526 2832 Nihilominus
1566 2788 1867 2842 recentiores,
1906 2785 2030 2846 q'aod
2073 2798 2172 2828 eum
2205 2793 2304 2829 eum
2337 2782 2472 2840 capri-

165 2882 305 2913 corno
353 2868 636 2926 conjunctum
679 2885 776 2914 esse
817 2872 1055 2930 volebant,
1099 2873 1296 2917 medinm
1334 2887 1530 2917 mensem
1570 2873 1836 2923 «Ianuarium
1868 2886 1907 2915 a.
1951 2870 2044 2915 711
2091 2870 2134 2914 ei
2174 2868 2469 2927 assignarunt·

166 2951 258 2998 Sed
299 2952 426 2998 loeus
470 2959 624 2997 noster
664 2970 754 2999 non
797 2956 930 2999 alium
971 2972 1166 3002 mensem
1209 2957 1428 3017 admittit,
1480 2958 1567 3002 nisi
1612 2958 1786 3002 Julium
1829 2971 1867 3000 a.
1912 2953 2035 3011 710,
2076 2954 2149 2998 eui
2193 2951 2469 2997 Octavianus
