2679 3396
1299 145 1333 191 9

1255 206 1377 217 ——ae

169 286 417 335 tirunculus
458 288 503 329 et
544 286 750 342 nugator.
820 279 906 325 Sui
944 277 1120 323 laudem
1160 275 1383 337 Virgilius
1425 291 1480 321 ex
1527 273 1733 321 consulto
1782 281 2025 335 temperat,
2070 276 2260 334 primum
2301 274 2469 319 rustica

168 370 389 417 laudantis
421 366 701 427 simplicitate
714 394 731 422 ,
770 364 848 423 qui
886 377 1042 408 versus
1074 363 1170 422 ejus
1200 368 1438 421 propterea
1470 358 1764 406 libentissime
1796 359 1946 418 audit,
1978 358 2100 419 qnod
2130 359 2228 418 ipse
2256 365 2471 419 tanquam

169 453 507 501 honestissimae
525 447 812 497 versificandi
833 448 943 494 artis
965 446 1131 493 sodalis
1156 446 1275 493 inter
1299 454 1496 508 agrestes
1522 445 1713 504 colitur,
1742 452 1789 491 et
1815 444 2018 507 quamvis
2041 459 2212 489 summa
2236 443 2471 502 modestia,

170 555 270 585 cum
302 535 586 593 clarissimis,
617 534 696 595 qui
726 540 820 579 tum
850 532 1074 578 florebant
1102 533 1248 594 poetis
1256 565 1275 590 ,
1308 547 1356 577 se
1389 531 1524 576 audet
1555 544 1813 591 comparare
1826 546 1841 590 3
1882 536 1932 575 ut
1963 529 2059 574 fere
2091 527 2207 589 apud
2238 543 2323 597 nos
2353 527 2472 572 haud

170 625 356 669 inscitus
371 626 529 666 cantor
542 634 739 680 paganus
755 619 994 664 Hendeliis
1019 633 1066 661 se
1094 624 1139 661 et
1165 616 1386 661 Schulziis
1410 617 1612 661 modeste
1637 616 1883 676 postponit.
1912 615 2120 673 Deinde,
2142 620 2193 657 ut
2216 628 2239 657 e
2254 627 2389 658 versu
2404 612 2473 657 44

169 713 378 768 apparet,
422 703 641 765 Lycidam
677 704 820 763 magis
861 709 1149 763 argumento,
1192 716 1325 763 quam
1364 717 1499 761 opere
1540 701 1754 746 delectari
1793 701 1928 757 facit,
1969 700 2130 760 quippe
2171 699 2246 742 cui
2283 697 2473 741 maxime

173 791 300 837 cordi
324 790 415 834 sint
439 790 638 834 carmina
661 788 719 832 ad
735 787 968 832 Mantuam
992 786 1343 831 conservandam
1375 793 1643 845 comparata.
1688 786 1762 829 Ita
1786 792 1973 828 venusta
2005 784 2194 844 quadam
2225 783 2473 827 imitatione

172 876 404 921 Romanus
436 873 708 935 Syracusani
738 874 936 920 auctoris
968 871 1232 917 sententiam
1264 885 1387 916 suam
1417 871 1538 915 fecit.
1600 869 1834 917 Theocrit.
1865 869 1988 926 VII,
2017 867 2108 914 35:

654 996 765 1042 'AM'
791 996 860 1051 ἄγε
885 996 956 1051 δή,
981 996 1078 1049 ξυνὰ
1098 995 1173 1051 γὰρ
1195 995 1309 1048 ὁδὸς,
1332 995 1431 1049 ξυνὰ
1453 996 1501 1039 δὲ
1523 998 1590 1038 καὶ
1614 994 1715 1047 daig,

658 1070 1073 1124 Βωκολιασδώμεσθα·
1099 1070 1185 1124 τάχ’
1211 1071 1355 1126 &nepos
1378 1071 1496 1114 ἄλλον
1521 1071 1667 1114 ὄνασεῖ.

659 1150 743 1191 Καὶ
765 1147 839 1202 γὰρ
861 1146 938 1202 ἐγὼ
959 1150 1118 1192 Μοισᾶν
1141 1148 1313 1203 κωτυρὸν
1337 1145 1485 1200 στόμα,
1508 1145 1611 1201 κῆμὲ
1630 1146 1806 1200 λέγονται

659 1219 815 1271 Πάντες
839 1220 972 1264 ἀοιδὸν
996 1222 1165 1278 ἄριστον·
1189 1223 1268 1276 ἐγὼ
1291 1223 1337 1265 δέ
1359 1237 1422 1270 τις
1445 1221 1491 1263 οὗ
1514 1220 1785 1276 ταχυπειθῆς,

661 1298 719 1339 Οὖ
744 1301 828 1338 δᾶν·
855 1297 901 1339 οὗ
922 1296 995 1350 γάρ
1020 1313 1109 1348 πω,
1132 1297 1216 1338 κατ’
1241 1298 1337 1348 ἐμὸν
1359 1295 1466 1347 νόον,
1492 1297 1581 1338 οὔτε
1603 1302 1670 1338 τὸν
1693 1296 1839 1338 ἐσθλὸν

660 1373 865 1415 §mamm
889 1373 1021 1425 νίκημι
1045 1371 1113 1414 τὸν
1135 1373 1179 1415 ἐκ
1202 1369 1347 1424 Σάμω,
1374 1371 1464 1414 οὔτε
1490 1375 1683 1425 Φιλητᾶν,

655 1444 829 1491 Ἀείδων
855 1444 1049 1502 βάτραχος
1074 1448 1121 1491 δὲ
1144 1445 1232 1490 ποτ’
1258 1446 1422 1503 ἀκρίδας
1445 1445 1500 1496 ὥς
1523 1462 1585 1496 τις
1607 1447 1766 1502 ἒρίσδω.

176 1558 254 1604 sic
281 1558 548 1603 obtestantis
580 1566 661 1602 est.
706 1558 779 1602 Ita
804 1556 975 1601 domini
1006 1557 1072 1601 tui
1103 1573 1175 1602 res
1207 1558 1390 1614 rustica,
1422 1558 1496 1601 cui
1526 1565 1575 1601 tu
1600 1574 1647 1601 es
1675 1558 1981 1616 praepositus,
2012 1558 2140 1602 malis
2161 1555 2478 1617 prohibeatur,

176 1643 309 1688 bonis
351 1643 585 1702 augeatur!
648 1643 705 1685 In
744 1642 930 1700 praedio
969 1641 1225 1703 Virgiliano
1268 1643 1323 1687 de
1357 1643 1480 1702 jugis
1522 1642 1803 1686 silvestribus
1846 1641 1902 1686 ad
1941 1642 2101 1687 Mincii
2140 1650 2266 1701 prata
2305 1642 2478 1686 devexo

177 1746 219 1773 v.
252 1728 311 1786 7,
342 1727 614 1785 mellificium
648 1727 825 1785 egregie
858 1725 1149 1770 exercebatur
1179 1727 1233 1785 1,
1265 1726 1345 1771 54.
1376 1726 1490 1771 VH.
1521 1726 1611 1784 15,
1642 1735 1687 1770 et
1716 1728 1926 1786 pecuaria
1956 1727 2042 1772 Ge.
2074 1728 2153 1784 11,
2185 1726 2299 1772 198.
2350 1725 2479 1779 Tua-i,

178 1811 334 1872 apibus
376 1811 565 1856 infestae
596 1808 682 1857 Ge.
712 1810 811 1869 IV,
851 1809 944 1869 47,
986 1808 1189 1871 Dyr-neae
1230 1809 1324 1858 sive
1365 1808 1573 1857 Corsicae
1619 1811 1922 1872 appellantur,
1967 1820 2018 1857 ut
2049 1827 2159 1873 quae
2201 1811 2315 1870 mel,
2358 1810 2481 1871 quod

178 1898 297 1943 circa
326 1896 558 1942 Mantuam
600 1912 698 1940 cum
740 1894 950 1956 Hyblaeo
992 1895 1219 1955 certabat,
1265 1895 1457 1944 Corsico
1500 1898 1634 1943 noxia
1674 1897 1967 1942 amaritudine
2011 1898 2320 1959 adaequarent.
2382 1895 2481 1940 Nec

177 1998 285 2026 vero
317 1983 427 2027 haec
458 1982 635 2026 infamis
668 1982 942 2040 amaritudo,
973 1999 1105 2043 quam
1133 1982 1368 2027 Diodorus
1399 1985 1453 2040 {et
1482 1983 1659 2027 Plinius
1692 1983 1913 2028 buxorum
1945 1984 2246 2043 frequentiae,
2288 1981 2483 2026 Ovidius

180 2067 376 2125 cicutae,
414 2066 639 2112 Martialis
679 2066 833 2126 thymo
868 2067 933 2111 ibi
975 2069 1192 2115 crescenti
1230 2068 1461 2127 tribuunt,
1507 2067 1710 2125 obstitit,
1753 2071 1862 2129 quin
1902 2069 2170 2113 mellificium
2224 2070 2271 2111 in
2305 2068 2481 2127 Cyrno,

179 2153 273 2197 sive
304 2149 495 2196 Corsica
535 2166 806 2212 magnopere
847 2152 1045 2211 vigeret,
1078 2169 1214 2213 quum
1245 2160 1427 2197 auctore
1468 2152 1603 2197 Livio
1642 2153 1837 2199 Romani
1880 2154 2050 2198 insulae
2093 2153 2294 2198 devictae
2336 2169 2482 2197 ceram

179 2235 507 2294 imperaverint.
567 2235 677 2280 Haf.
708 2235 764 2281 B.
799 2233 1017 2296 Gryneus,
1081 2234 1225 2296 Cytisa·
1267 2236 1450 2280 frondes
1498 2245 1654 2281 tonsae
1698 2237 1782 2282 Ge.
1823 2238 1900 2295 11,
1942 2238 2067 2296 451,
2109 2246 2154 2282 et
2197 2246 2397 2283 recentes
2438 2243 2484 2281 et

181 2318 356 2377 aridae,
398 2318 541 2363 alibili
582 2319 747 2378 pabulo
791 2326 943 2377 erant,
986 2320 1110 2379 eujus
1152 2321 1295 2365 cultus
1336 2320 1535 2365 villicum
1576 2321 1804 2366 indicabat
1836 2323 2051 2367 intentum
2084 2323 2136 2379 1,
2171 2322 2247 2367 78.
2309 2320 2483 2367 Disten-

181 2404 317 2459 dant,
375 2419 465 2464 quo
522 2403 663 2449 verbo
711 2402 932 2463 Virgilius
990 2419 1163 2464 semper
1217 2406 1358 2451 utitur
1379 2438 1393 2465 ,
1449 2414 1697 2467 agnoscunt
1750 2407 1881 2451 etiam
1936 2414 2131 2467 quatuor
2183 2407 2485 2466 Hafnienses,

182 2503 433 2549 quanquam
479 2489 696 2534 Heinsius
743 2490 791 2531 in
836 2489 1045 2535 Mediceo
1105 2492 1272 2551 reperit
1328 2493 1578 2538 distentent.
1656 2490 1810 2552 Incipe
1857 2516 1911 2526 --
1966 2493 2177 2538 solemnis
2222 2492 2481 2538 adhortatio

181 2573 238 2616 ad
269 2574 464 2618 carmina
495 2573 702 2620 bucolica
731 2573 834 2632 III,
866 2574 946 2621 52.
976 2574 1049 2634 V,
1081 2575 1160 2621 11.
1222 2574 1453 2636 Pierides,
1496 2577 1654 2622 Musae
1685 2586 1886 2622 veterum
1919 2579 2224 2636 Graecorum,
2256 2596 2282 2622 a
2313 2580 2484 2636 Piero,

181 2655 428 2717 Thraciae,
466 2665 623 2718 postea
660 2657 954 2704 Macedoniae
995 2668 1146 2707 monte
1178 2660 1277 2720 VI,
1318 2662 1398 2708 15.
1458 2661 1522 2709 Et
1562 2662 1672 2707 mihi
1701 2663 1859 2709 Musae
1905 2664 2120 2711 dederuut
2150 2667 2360 2724 spiritum
2384 2680 2485 2726 poe·

183 2743 344 2801 ticum3
386 2751 431 2788 et
463 2759 548 2804 ego
580 2745 846 2789 carminibus
878 2759 978 2789 eum
1009 2747 1103 2789 ruri
1138 2746 1339 2805 ostendi,
1372 2754 1417 2791 et
1446 2764 1517 2791 me
1542 2756 1777 2809 pastores,
1811 2749 1973 2810 quihus
2006 2750 2171 2808 cecini,
2205 2750 2358 2796 dicunt
2389 2765 2484 2810 per-

180 2825 347 2870 fectum
377 2827 490 2872 adeo
522 2836 702 2875 sanctae
730 2827 962 2873 Musarum
1004 2831 1113 2874 artis
1148 2832 1435 2891 magistrum,
1477 2839 1625 2878 vatem
1657 2834 1867 2878 divinum.
1930 2835 2024 2880 Sed
2055 2835 2143 2881 hoc
2175 2836 2357 2879 nimium
2388 2837 2481 2880 est!

179 2907 310 2953 Talis
339 2909 487 2957 honor
528 2927 621 2958 non
663 2913 876 2974 debetur,
916 2914 1004 2959 nisi
1030 2917 1215 2975 poetis,
1254 2916 1398 2978 qualis
1435 2916 1599 2964 Varius
1631 2927 1698 2964 est
1730 2926 1774 2964 et
1806 2916 1976 2977 Cinna,
2018 2920 2077 2965 ad
2108 2936 2220 2981 quos
2252 2935 2336 2981 ego
2372 2918 2487 2966 nihil

2209 3009 2239 3050 2
