2679 3396
1310 145 1377 190 15

676 278 771 324 Ἀλλ’
798 277 945 333 &qim
967 276 1017 319 σὺ
1040 274 1139 318 ποθ’
1168 275 1267 327 ἁμέ,
1292 274 1361 317 καὶ
1384 273 1488 325 ἑξεῗς
1512 269 1626 316 οῦδὲν
1648 268 1826 316 ἔλασσον.

678 353 762 398 Τὰν
784 349 952 405 γλαυκᾶν
976 350 1025 392 δὲ
1047 347 1260 394 θάλασσαν
1282 348 1333 392 ἔα
1356 349 1453 391 ποτὶ
1475 346 1614 401 χέρσον
1638 346 1821 401 ὀρεχθῆν.

679 427 817 469 ιἷΑδιον
839 426 882 469 ἓν
905 424 1064 479 τῶντρῳ
1087 423 1181 479 παρ’
1206 424 1298 476 ἐμὶν
1322 422 1396 465 τᾶν
1421 420 1542 465 νύκτα
1566 424 1731 473 &augete-

674 501 781 543 Ἐπὶ
806 498 956 555 δάφναι
978 498 1106 554 τηνεί,
1130 499 1213 543 ἐπὶ
1236 498 1406 553 *ραδιναὶ
1421 495 1683 562 -κυπάρισσοι,

672 575 781 619 Ἐπὶ
803 575 955 634 ψυχρὸν
978 573 1104 630 ὕδωρ,
1128 573 1175 618 τό
1196 590 1267 628 μοι
1290 573 1320 617 ἅ
1341 572 1624 628 πολυδένδρεος
1647 570 1777 617 Αἴτνα

676 657 832 701 Λευκᾶς
855 654 899 696 ἔκ
921 650 1048 704 χιόνος
1071 649 1192 694 πότον
1215 648 1426 705 ἀμβρόσιον
1449 650 1622 704 προΐητι.

679 728 755 776 Τίς
777 726 848 770 κᾶν
870 729 995 770 τῶνδε
1017 723 1228 770 θάλασσαν
1251 724 1354 778 ἔχειν
1376 723 1402 779 ἢ
1427 722 1574 776 mim*
1601 724 1748 775 ἔλοπος

194 809 258 857 Et
288 814 390 866 post
419 822 462 853 v.
492 806 581 852 622

676 889 899 941 Ἕξένθοις,
924 886 1144 939 Γαλάτεια,
1168 887 1237 929 nac
1258 888 1470 939 ἐξενθοῖσα
1493 882 1654 937 λάθοιο,

677 961 842 1017 ‘32qu
864 962 963 1017 ἐγών
983 966 1051 1004 νῦν
1075 959 1154 1004 ὦδε
1175 961 1421 1016 καθήμενος,
1445 960 1569 1003 οἴκαδ’
1595 960 1787 1015 &ter-951⁹.
2125 1020 2126 1023 Ἴ

316 1049 536 1110 Virgilius
568 1054 724 1093 contra
753 1055 987 1093 ventosum
1018 1048 1135 1092 diem
1164 1063 1350 1091 vernum
1381 1046 1532 1105 eligit,
1563 1061 1653 1106 quo
1676 1044 1907 1090 Galateam
1939 1045 2188 1104 petulanter
2212 1047 2331 1091 inter
2353 1046 2493 1090 undas

197 1136 500 1180 lascivientem
531 1140 729 1189 amator,
766 1140 817 1177 ut
855 1133 912 1177 ad
943 1150 989 1178 se
1021 1135 1068 1178 in
1099 1140 1266 1178 terram
1294 1132 1470 1189 veniat,
1500 1129 1662 1175 blande
1693 1131 1874 1189 rogitat.
1936 1130 2044 1175 Suo‘
2074 1138 2261 1190 utraque
2293 1132 2494 1176 inventio

200 1218 390 1264 consilio
421 1216 676 1277 respondet.
736 1216 839 1261 Illic
871 1216 1064 1277 nympha
1093 1216 1151 1260 ad
1182 1222 1359 1261 noctem
1391 1214 1714 1260 auctumnalem
1756 1215 1804 1259 in
1846 1222 2021 1259 antrum
2055 1230 2317 1274 amoenum,
2357 1215 2496 1259 lauris

200 1304 508 1363 cupressisque
552 1303 796 1360 munitum,
850 1302 1089 1360 invitatur3
1134 1301 1301 1346 hedera
1347 1302 1475 1362 nigra
1520 1300 1623 1358 111,
1669 1297 1760 1358 59,
1808 1316 1921 1360 quae
1970 1308 2036 1346 est
2082 1300 2282 1360 pulcrior
2326 1302 2497 1359 species

199 1395 403 1433 monstro
433 1394 673 1445 montano,
704 1401 895 1431 coronas
927 1386 969 1430 ei
1002 1386 1158 1444 offert,
1188 1386 1380 1446 vitisque
1412 1385 1564 1430 dulces
1594 1400 1731 1442 uvas,
1761 1385 1972 1446 quodque
2006 1386 2048 1430 ei
2077 1386 2371 1430 lautissimum
2404 1393 2499 1444 est,

202 1472 258 1516 ad
288 1471 517 1531 potionem
556 1470 826 1515 ambrosiam
866 1470 1177 1515 delicatissima
1216 1470 1402 1514 scaturit
1443 1485 1558 1528 aqua
1597 1469 1770 1514 nivalis.
1831 1469 1924 1514 Hic
1955 1468 2238 1515 mollioribus
2267 1470 2498 1528 sensibus,

202 1555 365 1617 quihus
412 1570 552 1600 verno
602 1562 801 1614 tempore
842 1555 1014 1599 animus
1053 1555 1261 1614 perfundi
1300 1555 1441 1612 solet,
1489 1553 1685 1598 imbutus
1700 1586 1715 1612 ,
1759 1554 1893 1598 flores
1940 1554 2069 1598 effert
2114 1555 2233 1599 eirca
2273 1561 2496 1599 torrentes

201 1640 387 1697 fluvios,
418 1640 475 1684 ad
506 1655 620 1699 quos
650 1640 817 1700 pascit,
861 1639 1160 1701 populumque
1192 1639 1450 1696 candidam,
1492 1655 1607 1698 quae
1648 1646 1777 1683 antro
1819 1639 2053 1683 imminens
2094 1640 2240 1683 ventis
2279 1640 2500 1698 agitatur,

206 1732 250 1769 et
282 1731 439 1769 contra
479 1724 588 1768 solis
619 1723 825 1768 ardorem
856 1723 1161 1769 umbraculum
1201 1725 1358 1769 vitium
1399 1723 1637 1768 arboribus
1677 1724 2022 1783 applicatarum,
2063 1739 2175 1783 quae
2215 1724 2273 1766 ad
2303 1723 2500 1774 Aetnam

203 1824 355 1853 mense
379 1809 473 1868 jam
502 1809 653 1868 Aprili
682 1808 901 1868 pullulant
930 1808 1053 1868 VII,
1093 1808 1175 1854 48.
1239 1808 1455 1866 Quisnam
1485 1808 1739 1868 disjunctim
1770 1807 1856 1853 Ge.
1886 1808 1985 1864 IV,
2025 1806 2142 1852 445.
2207 1805 2323 1863 Ver,
2356 1808 2500 1852 exitus

206 1892 301 1952 ejus
341 1893 461 1936 circa
498 1891 735 1936 Pleiadum
776 1899 922 1936 ortum
963 1892 1023 1938 G.
1054 1894 1106 1950 1,
1146 1892 1273 1950 515,
1314 1907 1404 1953 quo
1440 1893 1533 1953 jam
1573 1900 1772 1951 tempore
1813 1893 1861 1936 in
1894 1891 2052 1936 Sicilia
2092 1891 2278 1952 populus
2310 1890 2499 1935 candida

207 1977 264 2020 ab
294 1977 507 2021 inferiore
537 1977 750 2022 foliorum
780 1985 905 2035 parte
936 1978 1090 2023 floccis
1121 1977 1349 2037 splendet,
1379 1985 1424 2022 et
1452 1979 1567 2023 vites
1597 1979 1645 2021 in
1675 1977 1877 2036 palmites
1910 1985 2127 2021 creseunt.
2185 1975 2504 2036 Purpureum,

209 2061 396 2105 candide
430 2061 698 2122 splendens,
738 2060 825 2108 Ge.
863 2062 963 2120 IV,
1003 2061 1083 2108 54.
1143 2063 1201 2107 In
1236 2062 1468 2121 fundendo
1509 2063 1565 2122 (a
1601 2061 1709 2120 suo,
1751 2061 1891 2122 fano,
1935 2062 2047 2120 ludo
2085 2061 2136 2118 1,
2180 2059 2292 2119 49.)
2333 2062 2404 2105 vis
2436 2070 2504 2107 est

210 2145 458 2206 generandi
480 2153 535 2195 ¹et
564 2144 859 2205 abundandi,-
882 2154 933 2192 ut
970 2148 1019 2192 in
1049 2154 1241 2208 cognato
1271 2155 1394 2207 χέειν,
1437 2155 1481 2194 et
1511 2148 1559 2194 in
1589 2146 1889 2194 vetustissimo
1922 2146 2249 2192 Germanorum
2280 2145 2504 2193 vocabulo

209 2236 368 2290 getan,
398 2230 581 2290 gig-nere
613 2239 658 2276 et
688 2231 889 2277 fundere.
1356 2225 1358 2227 ¹

331 2314 393 2358 V.
421 2313 493 2359 44
524 2339 580 2347 -
610 2313 691 2360 45.
752 2315 925 2363 Moeris
956 2323 1213 2376 putaverat,
1242 2316 1460 2377 Lycidam
1489 2318 1644 2377 plura,
1674 2333 1788 2379 quae
1818 2317 2046 2363 Menalcas
2076 2317 2270 2373 fecerat,
2311 2316 2509 2362 carmina

213 2397 373 2440 festiva
414 2398 715 2459 cujuscunque
754 2401 931 2459 generis
972 2401 1125 2446 audire
1164 2403 1293 2447 velle.
1356 2402 1451 2448 Sed
1479 2402 1675 2461 Lycidas
1715 2402 1882 2446 mavult
1920 2402 2048 2460 plura
2078 2400 2127 2445 id
2166 2415 2331 2461 genus,
2375 2401 2509 2460 quale

214 2481 326 2525 illud
356 2481 413 2524 ad
442 2481 639 2540 Varum,
680 2490 726 2527 et
765 2500 878 2544 quae
909 2494 1043 2545 agant
1074 2486 1128 2530 de
1159 2487 1325 2531 finibus
1354 2486 1614 2532 Mantuanis
1645 2484 1976 2530 conservandis.
2036 2485 2241 2542 Idcirco,
2273 2484 2512 2544 quidnam,

217 2566 305 2622 ait,
347 2565 402 2611 de
432 2566 636 2612 versibus
677 2567 768 2612 illis
808 2568 954 2614 adhue
985 2571 1201 2615 memoria
1231 2579 1384 2630 tenes,
1426 2587 1540 2632 quos
1571 2579 1619 2616 tu
1650 2571 1773 2615 solus
1804 2577 1935 2616 nocte
1968 2569 2188 2616 sideribus
2219 2568 2384 2614 illustri
2416 2586 2512 2616 can-

218 2649 376 2694 tabas?
437 2649 738 2698 Numerorum
783 2660 953 2699 motum
999 2656 1093 2714 ipse
1142 2655 1285 2702 adhuc
1333 2658 1454 2713 scio,
1501 2655 1639 2701 verba
1679 2657 1846 2702 neseio.
1907 2655 2054 2702 Simul
2098 2654 2255 2700 modos
2294 2656 2512 2702 memoria

219 2740 421 2784 retentos
461 2736 612 2781 verbis
652 2736 824 2799 aliquot
863 2741 1112 2799 suppressis
1153 2757 1253 2787 eum
1293 2752 1591 2787 murmurasse
1635 2740 1918 2802 cogitandum
1960 2747 2040 2785 est.
2113 2738 2236 2798 Quid
2282 2741 2516 2786 mentimini

223 2818 277 2877 (e
323 2820 383 2866 V.
424 2820 534 2881 58.)
580 2838 634 2870 ea
680 2827 905 2883 carmina,
950 2841 1078 2886 quae.
1138 2825 1244 2873 Nox
1288 2826 1332 2872 h.
1375 2825 1405 2871 l.
1446 2834 1514 2872 est
1553 2828 1771 2888 incipiens
1812 2828 1904 2874 sive
1945 2840 2130 2886 vespera
2160 2825 2220 2871 G.
2260 2825 2362 2884 111,
2399 2824 2514 2872 558.
