2679 3396
1300 193 1335 239 Β

246 332 305 377 V.
338 329 403 377 17
436 353 493 364 —
525 327 608 375 25.
669 328 787 375 Cum
817 327 1009 374 horrore
1039 324 1237 386 Lycidas
1267 325 1472 371 nuntium
1504 324 1630 371 audit
1661 331 1886 384 atrocem,
1925 328 2178 378 Menalcam
2209 340 2437 380 cantorem
2454 368 2469 393 ,

156 433 286 479 quem
315 431 366 461 ιιι
398 413 571 461 deliciis
602 411 764 471 hahet,
806 412 853 458 iu
884 410 1042 471 eapitis
1073 409 1272 471 periculo
1305 409 1459 454 fuisse.
1521 409 1638 467 Quis
1668 416 1790 471 tum,
1829 411 2062 471 Menalca,
2094 417 2337 477 exclamat,
2379 434 2467 463 car-

154 499 351 548 minibus
391 499 542 545 solatii
593 505 685 544 tam
735 497 908 556 plenis,
958 496 1102 557 qualis
1143 502 1219 539 tua
1258 494 1513 554 Daphnidis
1560 497 1703 554 erepti
1755 499 2037 542 consecratio
2084 499 2195 556 fuit,
2241 504 2467 549 miseriam

153 592 355 631 nostram
398 581 737 628 consolabitur?
791 581 910 636 Quis
952 581 1049 622 aliis
1091 595 1176 623 nos
1217 580 1435 638 poematis
1476 580 1724 637 pastoritiis
1766 581 2038 627 delectabit?
2081 607 2138 617 —
2169 584 2255 628 Est
2286 586 2466 646 elegans

153 670 381 725 inventio,
427 666 550 728 quod
597 665 757 724 fingit,
817 672 993 710 cantum
1039 663 1165 707 illum
1206 662 1442 709 Menalcae
1487 678 1653 707 nomen
1699 666 1786 709 toti
1831 666 2034 726 regioni,
2080 669 2191 726 ipsis
2235 670 2469 731 mancipiis

156 754 338 801 rusticis
380 749 744 809 commendasse,
787 749 1046 813 cunctisque
1088 748 1291 807 colonis,
1330 748 1506 793 Julium
1547 747 1789 795 Caesarem
1829 757 2067 810 patronum
2109 756 2468 814 angustissimum

153 837 411 898 lugentibus
451 836 666 881 solatium
706 834 923 879 attulisse.
983 834 1042 878 In
1072 831 1213 879 Hafn.
1245 833 1299 880 C.
1332 841 1401 878 est
1441 834 1550 879 haec
1579 849 1663 893 pro
1695 835 1797 880 heu.
1859 834 2001 895 Loci,
2042 852 2157 896 quos
2187 839 2383 898 Lycidas
2414 856 2468 886 ex

151 923 236 979 Vt}
276 923 431 982 ecloga
462 922 667 981 respicit,
699 919 877 965 initium
910 926 1014 964 sunt
1046 918 1254 963 carminis
1284 918 1513 979 lugubris:
1544 934 1587 963 v.
1619 918 1701 963 20.
2166 935 2175 942 ·

648 1004 935 1048 Exstinctum
965 1002 1200 1062 Nymphae
1233 1003 1403 1047 crudeli
1433 1003 1590 1047 funere
1623 1002 1838 1062 Daphnin

641 1086 862 1145 Flebant3
891 1101 1004 1144 vos,
1036 1086 1205 1144 coruli,
1235 1093 1399 1143 testes,
1431 1094 1476 1131 et
1506 1087 1716 1145 flumina,
1746 1087 1984 1148 Nymphis.

150 1176 215 1225 Et
247 1191 290 1221 v.
320 1174 400 1220 40.

643 1256 855 1316 Spargite
886 1255 1067 1300 humum
1098 1254 1247 1312 foliis,
1278 1255 1475 1300 inducite
1507 1255 1709 1301 fontibus
1739 1257 1938 1303 umbras.

151 1343 226 1390 Ex
257 1341 471 1402 parodia,
521 1355 608 1400 qua
638 1340 688 1384 «J.
721 1339 891 1385 Caesar
931 1345 1221 1383 consecratur
1263 1347 1307 1382 et
1338 1340 1384 1382 in
1416 1341 1595 1397 patroni
1625 1342 1806 1385 modum
1839 1343 1971 1386 etiam
2003 1349 2106 1402 post
2135 1352 2324 1389 mortem
2357 1348 2467 1391 cele-

148 1428 330 1484 bratur,
365 1426 461 1471 sine
493 1424 683 1471 acerbae
716 1424 1012 1470 cavillationis
1044 1423 1191 1482 specie
1218 1423 1267 1466 in
1291 1422 1379 1467 hoc
1407 1426 1727 1469 sententiarum
1754 1434 1963 1472 contecta
1988 1427 2098 1471 nihil
2125 1430 2271 1487 potuit
2299 1432 2462 1475 afferri.

148 1513 244 1559 Pro
276 1510 516 1573 Nymphas
549 1510 690 1556 Hafa.
723 1509 777 1555 G.
810 1508 945 1553 habet
975 1508 1114 1552 silvas
1147 1523 1173 1551 a
1205 1507 1400 1552 secunda
1431 1524 1578 1553 manu.
1640 1510 1697 1553 In
1729 1511 1885 1571 ecloga
1915 1512 1997 1555 Vta
2037 1512 2204 1557 dictum
2237 1523 2304 1559 est
2335 1517 2460 1559 indu·

148 1612 245 1644 ecre
283 1596 484 1655 fontibus
527 1596 731 1651 umbras,
772 1593 975 1637 fontibus
1016 1592 1199 1637 umbras
1243 1593 1545 1651 circumdare3
1588 1594 1661 1637 hic
1702 1595 1846 1638 forma
1877 1603 2046 1640 mutata
2072 1597 2223 1656 fontes
2253 1601 2462 1644 inducere

149 1682 333 1738 umbra,
373 1681 524 1725 fontes
565 1680 725 1724 umbra
766 1679 1058 1722 circumdare.
1120 1678 1237 1733 Quis
1267 1684 1525 1737 aparqeret,
1566 1679 1667 1737 quis
1698 1681 1956 1725 induceret?
1987 1683 2016 1725 i.
2049 1698 2087 1726 e.
2119 1685 2220 1742 quis
2252 1701 2462 1742 sparsos,

148 1767 356 1811 inductos
396 1765 608 1810 caneret?
648 1771 692 1807 et
734 1778 788 1807 eo
822 1763 1002 1821 quidem
1045 1761 1235 1819 ardore,
1276 1769 1326 1805 ut
1368 1761 1621 1807 acutissime
1663 1763 1788 1808 addit
1828 1764 2175 1824 Taubmannus,
2217 1769 2345 1830 quasi
2386 1785 2461 1814 res

147 1851 244 1908 ipsa
275 1857 378 1896 aute
411 1849 569 1895 oculos
599 1855 805 1906 ponatur.
868 1848 925 1893 cf.
958 1848 1059 1903 vl,
1091 1845 1172 1892 62.

272 1932 328 1980 V.
357 1933 421 1981 21
459 1957 516 1970 --
549 1930 632 1978 25.
694 1932 788 1977 Aut
830 1931 931 1992 quis
970 1939 1059 1975 tam
1103 1931 1216 1975 scita
1257 1930 1390 1975 nobis
1424 1932 1620 1976 carmina
1650 1933 1893 1991 pastoralia
1926 1941 2130 1992 caneret,
2162 1935 2293 1996 quale
2325 1936 2461 1996 illud,

108 2067 112 2071 ,
147 2018 270 2082 quod
300 2035 442 2077 nuper
473 2016 585 2073 tihi,
614 2016 789 2073 Moeri,
822 2015 1021 2076 sublegi,
1053 2016 1132 2060 ubi
1158 2032 1257 2062 cum
1283 2023 1413 2076 gestu
1441 2023 1543 2061 ante
1569 2017 1692 2061 fores
1718 2018 1898 2077 pulcrae
1923 2019 2217 2079 Amaryllidis
2241 2022 2462 2066 cantasti?

144 2104 252 2153 Hoc
283 2109 658 2163 ummawveov
690 2100 877 2145 liberior
907 2101 992 2146 fuit
1023 2102 1260 2146 conversio
1292 2101 1437 2161 idyllii
1468 2101 1730 2148 Theocritei
1761 2104 1914 2161 tertii,
1957 2120 2091 2164 quam
2121 2105 2343 2165 Virgilius
2384 2112 2461 2151 aut

143 2190 386 2247 scripserat
424 2204 531 2234 vere
564 2194 641 2232 aut
672 2187 904 2245 scripsisse
937 2186 1080 2246 fingit.
1137 2187 1194 2230 In
1227 2202 1316 2246 quo
1350 2187 1544 2231 carmine
1575 2194 1708 2246 poeta
1741 2188 1986 2246 silvestris,
2018 2190 2268 2249 caprarium
2299 2205 2454 2250 agens,

144 2281 292 2321 cantat
322 2274 559 2332 saltatque,
592 2275 719 2333 quasi
750 2289 832 2331 pro
866 2271 1060 2318 crudelis
1079 2271 1373 2331 Amaryllidis
1405 2279 1552 2329 antro,
1581 2281 1632 2317 ut
1658 2289 1707 2317 se
1732 2281 1864 2333 amet,
1894 2281 2115 2334 precetur.
2160 2275 2346 2321 Initium
2367 2282 2455 2322 cst:

632 2375 849 2430 Κωμάσὸω
875 2380 971 2419 ποτὶ
995 2377 1066 2420 τάν
1091 2378 1375 2432 Αμαρυλλίδα,
1401 2380 1469 2420 ταὶ
1495 2379 1540 2420 δέ
1565 2394 1634 2431 μοι
1659 2376 1767 2434 αἶγες

630 2452 849 2497 Βόσκονται
874 2452 956 2494 κατ’
991 2452 1099 2506 ὅρος,
1127 2456 1193 2496 καὶ
1218 2454 1240 2495 ὃ
1271 2454 1437 2507 Τίτυρος
1462 2452 1582 2501 αὐτὰς
1606 2453 1769 2497 ἐλαύνει.

634 2530 787 2583 Τι’τυρ“,
814 2531 905 2581 ἐμὶν
929 2528 977 2570 τὸ
999 2531 1114 2569 καλὸν
1139 2528 1404 2582 πεφιλαμένε,
1429 2526 1547 2580 Boane
1569 2528 1641 2577 τὰς
1666 2526 1796 2583 αἶγας)

629 2607 710 2646 Καὶ
734 2607 830 2647 noti.
855 2603 925 2647 τάν
949 2601 1091 2659 κράναν
1117 2601 1206 2656 ἄγε,
1237 2603 1403 2658 Τι’τυρει
1428 2605 1495 2646 καὶ
1509 2603 1585 2646 -τὸν
1611 2601 1769 2658 ἑνόρχαν

632 2678 708 2722 Τὸν
733 2683 903 2732 Λιβυκὸν
926 2677 1100 2723 κνάκωνα
1125 2676 1347 2734 φυλάσσεο,
1374 2677 1430 2733 μή
1455 2695 1503 2720 τυ
1526 2677 1682 2733 κορύξῃ.

139 2783 267 2830 Hine
306 2790 515 2843 apparet,
557 2781 882 2842 Amaryllidem
922 2781 1055 2826 ctiam
1086 2779 1203 2840 apud
1235 2769 1476 2841 Virgilium
1509 2780 1658 2825 fictam
1690 2782 1880 2841 puellam
1906 2796 2034 2842 esse,
2067 2785 2139 2829 cui
2170 2785 2321 2833 fictum
2354 2800 2443 2830 car-

138 2884 239 2914 men
271 2884 297 2912 a
337 2868 542 2927 caprario
586 2883 677 2911 non
718 2867 864 2910 miuus
912 2867 1018 2910 ficto
1063 2882 1162 2910 cum
1204 2873 1336 2910 cantu
1378 2866 1583 2926 saltuque
1628 2867 1855 2911 offeratur.
1914 2867 2032 2912 Nam
2074 2869 2197 2930 quod
2238 2870 2441 2914 nonnulli

138 2959 362 3012 statuunt,
394 2952 590 2997 Moerim
624 2953 843 2997 seniorem
878 2968 976 2996 cum
1020 2968 1126 2996 vera
1168 2951 1347 2995 domina
1389 2966 1677 3011 congressum
1717 2959 1984 2998 nocturnum
2023 2954 2214 3013 habere,
2256 2956 2440 3017 ejusque
